<?xml version="1.0" encoding="UTF-8" standalone="yes"?>
<PcGts xmlns="http://schema.primaresearch.org/PAGE/gts/pagecontent/2013-07-15" xmlns:xsi="http://www.w3.org/2001/XMLSchema-instance" xsi:schemaLocation="http://schema.primaresearch.org/PAGE/gts/pagecontent/2013-07-15 http://schema.primaresearch.org/PAGE/gts/pagecontent/2013-07-15/pagecontent.xsd">
    <Metadata>
        <Creator>prov=READ-COOP:name=PyLaia@TranskribusPlatform:version=2.12.1:model_id=39995:lm=none:date=06_04_2024_22:20</Creator>
        <Created>2024-04-06T22:10:52.005+02:00</Created>
        <LastChange>2024-04-06T22:20:55.804+02:00</LastChange>
        <TranskribusMetadata docId="1918543" pageId="67854009" pageNr="2" tsid="157149216" status="IN_PROGRESS" userId="222699" imgUrl="https://files.transkribus.eu/Get?id=JAZNTBIWAGPVCCQIHZQCKXAX&amp;fileType=view" xmlUrl="https://files.transkribus.eu/Get?id=HXPFSOEOYCAJGNEJSHZKMEXO" imageId="54155971"/>
    </Metadata>
    <Page imageFilename="67854009.jpg" imageWidth="2479" imageHeight="3508">
        <ReadingOrder>
            <OrderedGroup id="ro_1712434855805" caption="Regions reading order">
                <RegionRefIndexed index="0" regionRef="r_10"/>
                <RegionRefIndexed index="1" regionRef="r_11"/>
            </OrderedGroup>
        </ReadingOrder>
        <Relations/>
        <TextRegion id="r_10" custom="readingOrder {index:0;}">
            <Coords points="262,340 1308,340 1308,3026 262,3026"/>
            <TextLine id="r_10_tl_1" custom="readingOrder {index:0;}">
                <Coords points="263,405 1181,405 1181,350 970,323 863,360 810,325 618,363 450,318 263,355"/>
                <Baseline points="277,397 292,397 337,397 382,400 426,397 471,397 516,394 561,394 606,394 650,394 695,391 740,394 785,394 829,394 874,394 919,394 964,394 1009,394 1053,397 1098,397 1143,397 1188,394"/>
                <Word id="r_10_tl_1_w1" custom="readingOrder {index:0;}">
                    <Coords points="270,357 270,417 431,417 431,357"/>
                    <TextEquiv>
                        <Unicode>verklagt,</Unicode>
                    </TextEquiv>
                </Word>
                <Word id="r_10_tl_1_w2" custom="readingOrder {index:1;}">
                    <Coords points="449,356 449,416 496,416 496,356"/>
                    <TextEquiv>
                        <Unicode>als</Unicode>
                    </TextEquiv>
                </Word>
                <Word id="r_10_tl_1_w3" custom="readingOrder {index:2;}">
                    <Coords points="521,354 521,414 610,414 610,354"/>
                    <TextEquiv>
                        <Unicode>hätte</Unicode>
                    </TextEquiv>
                </Word>
                <Word id="r_10_tl_1_w4" custom="readingOrder {index:3;}">
                    <Coords points="628,354 628,414 658,414 658,354"/>
                    <TextEquiv>
                        <Unicode>er</Unicode>
                    </TextEquiv>
                </Word>
                <Word id="r_10_tl_1_w5" custom="readingOrder {index:4;}">
                    <Coords points="683,353 683,413 783,413 783,353"/>
                    <TextEquiv>
                        <Unicode>seinen</Unicode>
                    </TextEquiv>
                </Word>
                <Word id="r_10_tl_1_w6" custom="readingOrder {index:5;}">
                    <Coords points="814,354 814,414 974,414 974,354"/>
                    <TextEquiv>
                        <Unicode>Nachbar</Unicode>
                    </TextEquiv>
                </Word>
                <Word id="r_10_tl_1_w7" custom="readingOrder {index:6;}">
                    <Coords points="993,357 993,417 1171,417 1171,357"/>
                    <TextEquiv>
                        <Unicode>ermördet.</Unicode>
                    </TextEquiv>
                </Word>
                <TextEquiv>
                    <Unicode>verklagt, als hätte er seinen Nachbar ermördet.</Unicode>
                </TextEquiv>
            </TextLine>
            <TextLine id="r_10_tl_2" custom="readingOrder {index:1;}">
                <Coords points="1208,408 1231,405 1246,413 1256,408 1263,413 1268,408 1293,408 1296,333 1258,330 1246,338 1211,335"/>
                <Baseline points="1221,397 1253,397 1298,394"/>
                <Word id="r_10_tl_2_w1" custom="readingOrder {index:0;}">
                    <Coords points="1213,357 1213,417 1288,417 1288,357"/>
                    <TextEquiv>
                        <Unicode>Er¬</Unicode>
                    </TextEquiv>
                </Word>
                <TextEquiv>
                    <Unicode>Er¬</Unicode>
                </TextEquiv>
            </TextLine>
            <TextLine id="r_10_tl_3" custom="readingOrder {index:2;}">
                <Coords points="263,458 1288,455 1288,415 1171,403 263,408"/>
                <Baseline points="277,444 322,444 367,444 412,444 456,444 501,441 546,441 591,441 635,441 680,441 725,438 770,438 815,441 859,441 904,444 949,444 994,444 1038,444 1083,444 1128,444 1173,444 1218,444 1262,444 1295,447"/>
                <Word id="r_10_tl_3_w1" custom="readingOrder {index:0;}">
                    <Coords points="268,404 268,464 361,464 361,404"/>
                    <TextEquiv>
                        <Unicode>weise</Unicode>
                    </TextEquiv>
                </Word>
                <Word id="r_10_tl_3_w2" custom="readingOrder {index:1;}">
                    <Coords points="387,404 387,464 491,464 491,404"/>
                    <TextEquiv>
                        <Unicode>waren</Unicode>
                    </TextEquiv>
                </Word>
                <Word id="r_10_tl_3_w3" custom="readingOrder {index:2;}">
                    <Coords points="522,401 522,461 605,461 605,401"/>
                    <TextEquiv>
                        <Unicode>nicht</Unicode>
                    </TextEquiv>
                </Word>
                <Word id="r_10_tl_3_w4" custom="readingOrder {index:3;}">
                    <Coords points="627,401 627,461 688,461 688,401"/>
                    <TextEquiv>
                        <Unicode>da,</Unicode>
                    </TextEquiv>
                </Word>
                <Word id="r_10_tl_3_w5" custom="readingOrder {index:4;}">
                    <Coords points="715,398 715,458 787,458 787,398"/>
                    <TextEquiv>
                        <Unicode>aber</Unicode>
                    </TextEquiv>
                </Word>
                <Word id="r_10_tl_3_w6" custom="readingOrder {index:5;}">
                    <Coords points="808,401 808,461 875,461 875,401"/>
                    <TextEquiv>
                        <Unicode>viel</Unicode>
                    </TextEquiv>
                </Word>
                <Word id="r_10_tl_3_w7" custom="readingOrder {index:6;}">
                    <Coords points="897,404 897,464 1078,464 1078,404"/>
                    <TextEquiv>
                        <Unicode>Verdacht.</Unicode>
                    </TextEquiv>
                </Word>
                <Word id="r_10_tl_3_w8" custom="readingOrder {index:7;}">
                    <Coords points="1131,404 1131,464 1208,464 1208,404"/>
                    <TextEquiv>
                        <Unicode>Der</Unicode>
                    </TextEquiv>
                </Word>
                <Word id="r_10_tl_3_w9" custom="readingOrder {index:8;}">
                    <Coords points="1240,404 1240,464 1286,464 1286,404"/>
                    <TextEquiv>
                        <Unicode>er¬</Unicode>
                    </TextEquiv>
                </Word>
                <TextEquiv>
                    <Unicode>weise waren nicht da, aber viel Verdacht. Der er¬</Unicode>
                </TextEquiv>
            </TextLine>
            <TextLine id="r_10_tl_4" custom="readingOrder {index:3;}">
                <Coords points="273,513 1283,513 1283,455 1223,445 273,460"/>
                <Baseline points="286,495 331,495 376,495 420,492 465,489 510,489 555,489 600,492 644,489 689,489 734,489 779,489 824,492 868,489 913,492 958,492 1003,495 1047,492 1092,495 1137,495 1182,492 1227,492 1271,495 1289,495"/>
                <Word id="r_10_tl_4_w1" custom="readingOrder {index:0;}">
                    <Coords points="274,455 274,515 317,515 317,455"/>
                    <TextEquiv>
                        <Unicode>ste</Unicode>
                    </TextEquiv>
                </Word>
                <Word id="r_10_tl_4_w2" custom="readingOrder {index:1;}">
                    <Coords points="340,453 340,513 444,513 444,453"/>
                    <TextEquiv>
                        <Unicode>Zeuge</Unicode>
                    </TextEquiv>
                </Word>
                <Word id="r_10_tl_4_w3" custom="readingOrder {index:2;}">
                    <Coords points="467,449 467,509 550,509 550,449"/>
                    <TextEquiv>
                        <Unicode>sagte</Unicode>
                    </TextEquiv>
                </Word>
                <Word id="r_10_tl_4_w4" custom="readingOrder {index:3;}">
                    <Coords points="572,450 572,510 660,510 660,450"/>
                    <TextEquiv>
                        <Unicode>aus,</Unicode>
                    </TextEquiv>
                </Word>
                <Word id="r_10_tl_4_w5" custom="readingOrder {index:4;}">
                    <Coords points="689,449 689,509 716,509 716,449"/>
                    <TextEquiv>
                        <Unicode>er</Unicode>
                    </TextEquiv>
                </Word>
                <Word id="r_10_tl_4_w6" custom="readingOrder {index:5;}">
                    <Coords points="744,449 744,509 832,509 832,449"/>
                    <TextEquiv>
                        <Unicode>wäre</Unicode>
                    </TextEquiv>
                </Word>
                <Word id="r_10_tl_4_w7" custom="readingOrder {index:6;}">
                    <Coords points="866,450 866,510 920,510 920,450"/>
                    <TextEquiv>
                        <Unicode>vor</Unicode>
                    </TextEquiv>
                </Word>
                <Word id="r_10_tl_4_w8" custom="readingOrder {index:7;}">
                    <Coords points="949,454 949,514 1031,514 1031,454"/>
                    <TextEquiv>
                        <Unicode>zwey</Unicode>
                    </TextEquiv>
                </Word>
                <Word id="r_10_tl_4_w9" custom="readingOrder {index:8;}">
                    <Coords points="1059,455 1059,515 1164,515 1164,455"/>
                    <TextEquiv>
                        <Unicode>Tagen</Unicode>
                    </TextEquiv>
                </Word>
                <Word id="r_10_tl_4_w10" custom="readingOrder {index:9;}">
                    <Coords points="1203,452 1203,512 1275,512 1275,452"/>
                    <TextEquiv>
                        <Unicode>früh</Unicode>
                    </TextEquiv>
                </Word>
                <TextEquiv>
                    <Unicode>ste Zeuge sagte aus, er wäre vor zwey Tagen früh</Unicode>
                </TextEquiv>
            </TextLine>
            <TextLine id="r_10_tl_5" custom="readingOrder {index:4;}">
                <Coords points="270,560 1286,563 1286,515 1193,500 270,510"/>
                <Baseline points="283,537 328,543 373,543 417,540 462,540 507,540 552,540 597,540 641,540 686,540 731,540 776,540 821,543 865,543 910,543 955,543 1000,543 1044,543 1089,543 1134,543 1179,543 1224,543 1268,546 1292,543"/>
                <Word id="r_10_tl_5_w1" custom="readingOrder {index:0;}">
                    <Coords points="275,503 275,563 444,563 444,503"/>
                    <TextEquiv>
                        <Unicode>Morgens</Unicode>
                    </TextEquiv>
                </Word>
                <Word id="r_10_tl_5_w2" custom="readingOrder {index:1;}">
                    <Coords points="471,500 471,560 546,560 546,500"/>
                    <TextEquiv>
                        <Unicode>über</Unicode>
                    </TextEquiv>
                </Word>
                <Word id="r_10_tl_5_w3" custom="readingOrder {index:2;}">
                    <Coords points="573,500 573,560 641,560 641,500"/>
                    <TextEquiv>
                        <Unicode>Feld</Unicode>
                    </TextEquiv>
                </Word>
                <Word id="r_10_tl_5_w4" custom="readingOrder {index:3;}">
                    <Coords points="668,500 668,560 859,560 859,500"/>
                    <TextEquiv>
                        <Unicode>gegangen,</Unicode>
                    </TextEquiv>
                </Word>
                <Word id="r_10_tl_5_w5" custom="readingOrder {index:4;}">
                    <Coords points="886,503 886,563 944,563 944,503"/>
                    <TextEquiv>
                        <Unicode>und</Unicode>
                    </TextEquiv>
                </Word>
                <Word id="r_10_tl_5_w6" custom="readingOrder {index:5;}">
                    <Coords points="976,503 976,563 1066,563 1066,503"/>
                    <TextEquiv>
                        <Unicode>hatte</Unicode>
                    </TextEquiv>
                </Word>
                <Word id="r_10_tl_5_w7" custom="readingOrder {index:6;}">
                    <Coords points="1099,503 1099,563 1178,563 1178,503"/>
                    <TextEquiv>
                        <Unicode>nicht</Unicode>
                    </TextEquiv>
                </Word>
                <Word id="r_10_tl_5_w8" custom="readingOrder {index:7;}">
                    <Coords points="1205,504 1205,564 1284,564 1284,504"/>
                    <TextEquiv>
                        <Unicode>weit</Unicode>
                    </TextEquiv>
                </Word>
                <TextEquiv>
                    <Unicode>Morgens über Feld gegangen, und hatte nicht weit</Unicode>
                </TextEquiv>
            </TextLine>
            <TextLine id="r_10_tl_6" custom="readingOrder {index:5;}">
                <Coords points="265,598 1291,613 1288,565 1223,553 265,555"/>
                <Baseline points="280,588 325,591 370,591 414,588 459,591 504,588 549,588 594,591 638,588 683,591 728,591 773,591 818,591 862,591 907,591 952,594 997,594 1041,594 1086,594 1131,594 1176,594 1221,594 1265,594 1292,591"/>
                <Word id="r_10_tl_6_w1" custom="readingOrder {index:0;}">
                    <Coords points="270,549 270,609 327,609 327,549"/>
                    <TextEquiv>
                        <Unicode>vom</Unicode>
                    </TextEquiv>
                </Word>
                <Word id="r_10_tl_6_w2" custom="readingOrder {index:1;}">
                    <Coords points="380,549 380,609 484,609 484,549"/>
                    <TextEquiv>
                        <Unicode>Wege</Unicode>
                    </TextEquiv>
                </Word>
                <Word id="r_10_tl_6_w3" custom="readingOrder {index:2;}">
                    <Coords points="521,549 521,609 609,609 609,549"/>
                    <TextEquiv>
                        <Unicode>einen</Unicode>
                    </TextEquiv>
                </Word>
                <Word id="r_10_tl_6_w4" custom="readingOrder {index:3;}">
                    <Coords points="657,551 657,611 829,611 829,551"/>
                    <TextEquiv>
                        <Unicode>Menschen</Unicode>
                    </TextEquiv>
                </Word>
                <Word id="r_10_tl_6_w5" custom="readingOrder {index:4;}">
                    <Coords points="876,554 876,614 1054,614 1054,554"/>
                    <TextEquiv>
                        <Unicode>erschlagen</Unicode>
                    </TextEquiv>
                </Word>
                <Word id="r_10_tl_6_w6" custom="readingOrder {index:5;}">
                    <Coords points="1107,554 1107,614 1289,614 1289,554"/>
                    <TextEquiv>
                        <Unicode>gefunden.</Unicode>
                    </TextEquiv>
                </Word>
                <TextEquiv>
                    <Unicode>vom Wege einen Menschen erschlagen gefunden.</Unicode>
                </TextEquiv>
            </TextLine>
            <TextLine id="r_10_tl_7" custom="readingOrder {index:6;}">
                <Coords points="273,663 1286,653 1286,610 1183,600 273,600"/>
                <Baseline points="286,635 331,638 376,638 420,638 465,635 510,638 555,638 600,638 644,638 689,638 734,638 779,638 824,638 868,641 913,641 958,641 1003,641 1047,641 1092,641 1137,641 1182,641 1227,641 1271,641 1292,638"/>
                <Word id="r_10_tl_7_w1" custom="readingOrder {index:0;}">
                    <Coords points="278,596 278,656 352,656 352,596"/>
                    <TextEquiv>
                        <Unicode>Die</Unicode>
                    </TextEquiv>
                </Word>
                <Word id="r_10_tl_7_w2" custom="readingOrder {index:1;}">
                    <Coords points="373,597 373,657 484,657 484,597"/>
                    <TextEquiv>
                        <Unicode>beyden</Unicode>
                    </TextEquiv>
                </Word>
                <Word id="r_10_tl_7_w3" custom="readingOrder {index:2;}">
                    <Coords points="516,598 516,658 664,658 664,598"/>
                    <TextEquiv>
                        <Unicode>Wunden</Unicode>
                    </TextEquiv>
                </Word>
                <Word id="r_10_tl_7_w4" custom="readingOrder {index:3;}">
                    <Coords points="691,598 691,658 717,658 717,598"/>
                    <TextEquiv>
                        <Unicode>in</Unicode>
                    </TextEquiv>
                </Word>
                <Word id="r_10_tl_7_w5" custom="readingOrder {index:4;}">
                    <Coords points="749,598 749,658 797,658 797,598"/>
                    <TextEquiv>
                        <Unicode>der</Unicode>
                    </TextEquiv>
                </Word>
                <Word id="r_10_tl_7_w6" custom="readingOrder {index:5;}">
                    <Coords points="824,601 824,661 934,661 934,601"/>
                    <TextEquiv>
                        <Unicode>Brust</Unicode>
                    </TextEquiv>
                </Word>
                <Word id="r_10_tl_7_w7" custom="readingOrder {index:6;}">
                    <Coords points="956,601 956,661 1056,661 1056,601"/>
                    <TextEquiv>
                        <Unicode>hätten</Unicode>
                    </TextEquiv>
                </Word>
                <Word id="r_10_tl_7_w8" custom="readingOrder {index:7;}">
                    <Coords points="1083,601 1083,661 1199,661 1199,601"/>
                    <TextEquiv>
                        <Unicode>Stiche</Unicode>
                    </TextEquiv>
                </Word>
                <Word id="r_10_tl_7_w9" custom="readingOrder {index:8;}">
                    <Coords points="1221,601 1221,661 1273,661 1273,601"/>
                    <TextEquiv>
                        <Unicode>von</Unicode>
                    </TextEquiv>
                </Word>
                <TextEquiv>
                    <Unicode>Die beyden Wunden in der Brust hätten Stiche von</Unicode>
                </TextEquiv>
            </TextLine>
            <TextLine id="r_10_tl_8" custom="readingOrder {index:7;}">
                <Coords points="270,713 1283,698 1283,653 1188,648 270,658"/>
                <Baseline points="283,689 328,692 373,689 417,689 462,689 507,689 552,689 597,689 641,689 686,689 731,689 776,689 821,689 865,689 910,689 955,689 1000,692 1044,692 1089,692 1134,692 1179,692 1224,689 1268,689 1289,689"/>
                <Word id="r_10_tl_8_w1" custom="readingOrder {index:0;}">
                    <Coords points="275,651 275,711 360,711 360,651"/>
                    <TextEquiv>
                        <Unicode>einer</Unicode>
                    </TextEquiv>
                </Word>
                <Word id="r_10_tl_8_w2" custom="readingOrder {index:1;}">
                    <Coords points="386,649 386,709 557,709 557,649"/>
                    <TextEquiv>
                        <Unicode>Heugabel</Unicode>
                    </TextEquiv>
                </Word>
                <Word id="r_10_tl_8_w3" custom="readingOrder {index:2;}">
                    <Coords points="578,649 578,709 780,709 780,649"/>
                    <TextEquiv>
                        <Unicode>verrathen,</Unicode>
                    </TextEquiv>
                </Word>
                <Word id="r_10_tl_8_w4" custom="readingOrder {index:3;}">
                    <Coords points="806,649 806,709 866,709 866,649"/>
                    <TextEquiv>
                        <Unicode>und</Unicode>
                    </TextEquiv>
                </Word>
                <Word id="r_10_tl_8_w5" custom="readingOrder {index:4;}">
                    <Coords points="892,649 892,709 917,709 917,649"/>
                    <TextEquiv>
                        <Unicode>in</Unicode>
                    </TextEquiv>
                </Word>
                <Word id="r_10_tl_8_w6" custom="readingOrder {index:5;}">
                    <Coords points="948,650 948,710 998,710 998,650"/>
                    <TextEquiv>
                        <Unicode>der</Unicode>
                    </TextEquiv>
                </Word>
                <Word id="r_10_tl_8_w7" custom="readingOrder {index:6;}">
                    <Coords points="1019,652 1019,712 1119,712 1119,652"/>
                    <TextEquiv>
                        <Unicode>Nähe</Unicode>
                    </TextEquiv>
                </Word>
                <Word id="r_10_tl_8_w8" custom="readingOrder {index:7;}">
                    <Coords points="1145,651 1145,711 1231,711 1231,651"/>
                    <TextEquiv>
                        <Unicode>hatte</Unicode>
                    </TextEquiv>
                </Word>
                <Word id="r_10_tl_8_w9" custom="readingOrder {index:8;}">
                    <Coords points="1251,649 1251,709 1281,709 1281,649"/>
                    <TextEquiv>
                        <Unicode>er</Unicode>
                    </TextEquiv>
                </Word>
                <TextEquiv>
                    <Unicode>einer Heugabel verrathen, und in der Nähe hatte er</Unicode>
                </TextEquiv>
            </TextLine>
            <TextLine id="r_10_tl_9" custom="readingOrder {index:8;}">
                <Coords points="275,750 1291,753 1291,703 1248,693 275,710"/>
                <Baseline points="289,737 313,740 358,737 403,737 447,740 492,740 537,737 582,737 626,740 671,737 716,737 761,740 806,740 850,737 895,737 940,737 985,737 1030,737 1074,737 1119,740 1164,740 1209,737 1253,737 1298,734"/>
                <Word id="r_10_tl_9_w1" custom="readingOrder {index:0;}">
                    <Coords points="280,699 280,759 347,759 347,699"/>
                    <TextEquiv>
                        <Unicode>eine</Unicode>
                    </TextEquiv>
                </Word>
                <Word id="r_10_tl_9_w2" custom="readingOrder {index:1;}">
                    <Coords points="378,700 378,760 569,760 569,700"/>
                    <TextEquiv>
                        <Unicode>dergleichen</Unicode>
                    </TextEquiv>
                </Word>
                <Word id="r_10_tl_9_w3" custom="readingOrder {index:2;}">
                    <Coords points="601,697 601,757 828,757 828,697"/>
                    <TextEquiv>
                        <Unicode>angetroffen,</Unicode>
                    </TextEquiv>
                </Word>
                <Word id="r_10_tl_9_w4" custom="readingOrder {index:3;}">
                    <Coords points="865,697 865,757 911,757 911,697"/>
                    <TextEquiv>
                        <Unicode>die</Unicode>
                    </TextEquiv>
                </Word>
                <Word id="r_10_tl_9_w5" custom="readingOrder {index:4;}">
                    <Coords points="943,697 943,757 1004,757 1004,697"/>
                    <TextEquiv>
                        <Unicode>mit</Unicode>
                    </TextEquiv>
                </Word>
                <Word id="r_10_tl_9_w6" custom="readingOrder {index:5;}">
                    <Coords points="1031,697 1031,757 1082,757 1082,697"/>
                    <TextEquiv>
                        <Unicode>den</Unicode>
                    </TextEquiv>
                </Word>
                <Word id="r_10_tl_9_w7" custom="readingOrder {index:6;}">
                    <Coords points="1114,697 1114,757 1289,757 1289,697"/>
                    <TextEquiv>
                        <Unicode>Anfangs¬</Unicode>
                    </TextEquiv>
                </Word>
                <TextEquiv>
                    <Unicode>eine dergleichen angetroffen, die mit den Anfangs¬</Unicode>
                </TextEquiv>
            </TextLine>
            <TextLine id="r_10_tl_10" custom="readingOrder {index:9;}">
                <Coords points="273,798 1296,810 1278,743 275,748"/>
                <Baseline points="289,788 316,791 361,788 406,788 450,788 495,788 540,788 585,788 629,788 674,788 719,785 764,785 809,788 853,788 898,788 943,788 988,788 1032,788 1077,788 1122,788 1167,788 1212,785 1256,788 1301,785"/>
                <Word id="r_10_tl_10_w1" custom="readingOrder {index:0;}">
                    <Coords points="278,748 278,808 458,808 458,748"/>
                    <TextEquiv>
                        <Unicode>buchstaben</Unicode>
                    </TextEquiv>
                </Word>
                <Word id="r_10_tl_10_w2" custom="readingOrder {index:1;}">
                    <Coords points="491,748 491,808 543,808 543,748"/>
                    <TextEquiv>
                        <Unicode>des</Unicode>
                    </TextEquiv>
                </Word>
                <Word id="r_10_tl_10_w3" custom="readingOrder {index:2;}">
                    <Coords points="570,748 570,808 750,808 750,748"/>
                    <TextEquiv>
                        <Unicode>Beklagten</Unicode>
                    </TextEquiv>
                </Word>
                <Word id="r_10_tl_10_w4" custom="readingOrder {index:3;}">
                    <Coords points="782,748 782,808 962,808 962,748"/>
                    <TextEquiv>
                        <Unicode>bezeichnet</Unicode>
                    </TextEquiv>
                </Word>
                <Word id="r_10_tl_10_w5" custom="readingOrder {index:4;}">
                    <Coords points="989,748 989,808 1153,808 1153,748"/>
                    <TextEquiv>
                        <Unicode>gewesen.</Unicode>
                    </TextEquiv>
                </Word>
                <Word id="r_10_tl_10_w6" custom="readingOrder {index:5;}">
                    <Coords points="1201,747 1201,807 1291,807 1291,747"/>
                    <TextEquiv>
                        <Unicode>Die¬</Unicode>
                    </TextEquiv>
                </Word>
                <TextEquiv>
                    <Unicode>buchstaben des Beklagten bezeichnet gewesen. Die¬</Unicode>
                </TextEquiv>
            </TextLine>
            <TextLine id="r_10_tl_11" custom="readingOrder {index:10;}">
                <Coords points="275,865 328,863 345,845 760,848 760,803 728,795 703,808 395,798 348,813 275,798"/>
                <Baseline points="289,841 316,838 361,838 406,838 450,838 495,835 540,835 585,835 629,835 674,835 719,835 764,835"/>
                <Word id="r_10_tl_11_w1" custom="readingOrder {index:0;}">
                    <Coords points="280,799 280,859 321,859 321,799"/>
                    <TextEquiv>
                        <Unicode>ser</Unicode>
                    </TextEquiv>
                </Word>
                <Word id="r_10_tl_11_w2" custom="readingOrder {index:1;}">
                    <Coords points="348,798 348,858 495,858 495,798"/>
                    <TextEquiv>
                        <Unicode>erkannte</Unicode>
                    </TextEquiv>
                </Word>
                <Word id="r_10_tl_11_w3" custom="readingOrder {index:2;}">
                    <Coords points="517,795 517,855 631,855 631,795"/>
                    <TextEquiv>
                        <Unicode>beydes</Unicode>
                    </TextEquiv>
                </Word>
                <Word id="r_10_tl_11_w4" custom="readingOrder {index:3;}">
                    <Coords points="659,795 659,855 752,855 752,795"/>
                    <TextEquiv>
                        <Unicode>auch.</Unicode>
                    </TextEquiv>
                </Word>
                <TextEquiv>
                    <Unicode>ser erkannte beydes auch.</Unicode>
                </TextEquiv>
            </TextLine>
            <TextLine id="r_10_tl_12" custom="readingOrder {index:11;}">
                <Coords points="265,953 1283,948 1283,893 1241,890 265,893"/>
                <Baseline points="280,934 304,934 349,934 394,931 438,934 483,934 528,934 573,931 618,934 662,931 707,931 752,931 797,934 841,934 886,934 931,934 976,934 1021,934 1065,934 1110,934 1155,934 1200,934 1244,934 1289,931"/>
                <Word id="r_10_tl_12_w1" custom="readingOrder {index:0;}">
                    <Coords points="276,894 276,954 328,954 328,894"/>
                    <TextEquiv>
                        <Unicode>des</Unicode>
                    </TextEquiv>
                </Word>
                <Word id="r_10_tl_12_w2" custom="readingOrder {index:1;}">
                    <Coords points="356,894 356,954 526,954 526,894"/>
                    <TextEquiv>
                        <Unicode>Morgens</Unicode>
                    </TextEquiv>
                </Word>
                <Word id="r_10_tl_12_w3" custom="readingOrder {index:2;}">
                    <Coords points="559,891 559,951 821,951 821,891"/>
                    <TextEquiv>
                        <Unicode>ausgegangen,</Unicode>
                    </TextEquiv>
                </Word>
                <Word id="r_10_tl_12_w4" custom="readingOrder {index:3;}">
                    <Coords points="848,894 848,954 911,954 911,894"/>
                    <TextEquiv>
                        <Unicode>und</Unicode>
                    </TextEquiv>
                </Word>
                <Word id="r_10_tl_12_w5" custom="readingOrder {index:4;}">
                    <Coords points="944,894 944,954 1029,954 1029,894"/>
                    <TextEquiv>
                        <Unicode>hätte</Unicode>
                    </TextEquiv>
                </Word>
                <Word id="r_10_tl_12_w6" custom="readingOrder {index:5;}">
                    <Coords points="1062,894 1062,954 1115,954 1115,894"/>
                    <TextEquiv>
                        <Unicode>den</Unicode>
                    </TextEquiv>
                </Word>
                <Word id="r_10_tl_12_w7" custom="readingOrder {index:6;}">
                    <Coords points="1148,894 1148,954 1270,954 1270,894"/>
                    <TextEquiv>
                        <Unicode>Beklag</Unicode>
                    </TextEquiv>
                </Word>
                <TextEquiv>
                    <Unicode>des Morgens ausgegangen, und hätte den Beklag</Unicode>
                </TextEquiv>
            </TextLine>
            <TextLine id="r_10_tl_13" custom="readingOrder {index:12;}">
                <Coords points="273,1013 1291,990 1291,948 1058,935 1021,963 273,950"/>
                <Baseline points="286,985 313,985 358,985 403,985 447,985 492,985 537,982 582,982 626,982 671,982 716,985 761,982 806,982 850,982 895,982 940,985 985,985 1030,982 1074,985 1119,982 1164,982 1209,982 1253,982 1298,976"/>
                <Word id="r_10_tl_13_w1" custom="readingOrder {index:0;}">
                    <Coords points="273,945 273,1005 320,1005 320,945"/>
                    <TextEquiv>
                        <Unicode>ten</Unicode>
                    </TextEquiv>
                </Word>
                <Word id="r_10_tl_13_w2" custom="readingOrder {index:1;}">
                    <Coords points="353,945 353,1005 379,1005 379,945"/>
                    <TextEquiv>
                        <Unicode>in</Unicode>
                    </TextEquiv>
                </Word>
                <Word id="r_10_tl_13_w3" custom="readingOrder {index:2;}">
                    <Coords points="406,945 406,1005 491,1005 491,945"/>
                    <TextEquiv>
                        <Unicode>einem</Unicode>
                    </TextEquiv>
                </Word>
                <Word id="r_10_tl_13_w4" custom="readingOrder {index:3;}">
                    <Coords points="534,942 534,1002 677,1002 677,942"/>
                    <TextEquiv>
                        <Unicode>tuchenen</Unicode>
                    </TextEquiv>
                </Word>
                <Word id="r_10_tl_13_w5" custom="readingOrder {index:4;}">
                    <Coords points="704,942 704,1002 815,1002 815,942"/>
                    <TextEquiv>
                        <Unicode>Kleide</Unicode>
                    </TextEquiv>
                </Word>
                <Word id="r_10_tl_13_w6" custom="readingOrder {index:5;}">
                    <Coords points="837,943 837,1003 991,1003 991,943"/>
                    <TextEquiv>
                        <Unicode>gesehen.</Unicode>
                    </TextEquiv>
                </Word>
                <Word id="r_10_tl_13_w7" custom="readingOrder {index:6;}">
                    <Coords points="1039,944 1039,1004 1102,1004 1102,944"/>
                    <TextEquiv>
                        <Unicode>Als</Unicode>
                    </TextEquiv>
                </Word>
                <Word id="r_10_tl_13_w8" custom="readingOrder {index:7;}">
                    <Coords points="1124,942 1124,1002 1177,1002 1177,942"/>
                    <TextEquiv>
                        <Unicode>ihm</Unicode>
                    </TextEquiv>
                </Word>
                <Word id="r_10_tl_13_w9" custom="readingOrder {index:8;}">
                    <Coords points="1220,941 1220,1001 1289,1001 1289,941"/>
                    <TextEquiv>
                        <Unicode>dar¬</Unicode>
                    </TextEquiv>
                </Word>
                <TextEquiv>
                    <Unicode>ten in einem tuchenen Kleide gesehen. Als ihm dar¬</Unicode>
                </TextEquiv>
            </TextLine>
            <TextLine id="r_10_tl_14" custom="readingOrder {index:13;}">
                <Coords points="273,1043 1298,1046 1298,988 1216,983 273,1013"/>
                <Baseline points="286,1032 319,1035 364,1032 409,1032 453,1032 498,1032 543,1030 588,1032 632,1030 677,1030 722,1030 767,1030 812,1030 856,1030 901,1030 946,1030 991,1030 1035,1030 1080,1032 1125,1032 1170,1030 1215,1030 1259,1030 1304,1027"/>
                <Word id="r_10_tl_14_w1" custom="readingOrder {index:0;}">
                    <Coords points="278,993 278,1053 336,1053 336,993"/>
                    <TextEquiv>
                        <Unicode>auf</Unicode>
                    </TextEquiv>
                </Word>
                <Word id="r_10_tl_14_w2" custom="readingOrder {index:1;}">
                    <Coords points="358,992 358,1052 405,1052 405,992"/>
                    <TextEquiv>
                        <Unicode>der</Unicode>
                    </TextEquiv>
                </Word>
                <Word id="r_10_tl_14_w3" custom="readingOrder {index:2;}">
                    <Coords points="433,992 433,1052 507,1052 507,992"/>
                    <TextEquiv>
                        <Unicode>erste</Unicode>
                    </TextEquiv>
                </Word>
                <Word id="r_10_tl_14_w4" custom="readingOrder {index:3;}">
                    <Coords points="529,991 529,1051 629,1051 629,991"/>
                    <TextEquiv>
                        <Unicode>Zeuge</Unicode>
                    </TextEquiv>
                </Word>
                <Word id="r_10_tl_14_w5" custom="readingOrder {index:4;}">
                    <Coords points="656,990 656,1050 710,1050 710,990"/>
                    <TextEquiv>
                        <Unicode>den</Unicode>
                    </TextEquiv>
                </Word>
                <Word id="r_10_tl_14_w6" custom="readingOrder {index:5;}">
                    <Coords points="742,990 742,1050 842,1050 842,990"/>
                    <TextEquiv>
                        <Unicode>Mord</Unicode>
                    </TextEquiv>
                </Word>
                <Word id="r_10_tl_14_w7" custom="readingOrder {index:6;}">
                    <Coords points="870,990 870,1050 1034,1050 1034,990"/>
                    <TextEquiv>
                        <Unicode>berichtet,</Unicode>
                    </TextEquiv>
                </Word>
                <Word id="r_10_tl_14_w8" custom="readingOrder {index:7;}">
                    <Coords points="1056,992 1056,1052 1115,1052 1115,992"/>
                    <TextEquiv>
                        <Unicode>und</Unicode>
                    </TextEquiv>
                </Word>
                <Word id="r_10_tl_14_w9" custom="readingOrder {index:8;}">
                    <Coords points="1142,990 1142,1050 1189,1050 1189,990"/>
                    <TextEquiv>
                        <Unicode>die</Unicode>
                    </TextEquiv>
                </Word>
                <Word id="r_10_tl_14_w10" custom="readingOrder {index:9;}">
                    <Coords points="1206,990 1206,1050 1296,1050 1296,990"/>
                    <TextEquiv>
                        <Unicode>Heu¬</Unicode>
                    </TextEquiv>
                </Word>
                <TextEquiv>
                    <Unicode>auf der erste Zeuge den Mord berichtet, und die Heu¬</Unicode>
                </TextEquiv>
            </TextLine>
            <TextLine id="r_10_tl_15" custom="readingOrder {index:14;}">
                <Coords points="278,1096 1296,1086 1263,1036 278,1043"/>
                <Baseline points="292,1086 316,1083 361,1080 406,1080 450,1080 495,1080 540,1077 585,1080 629,1077 674,1077 719,1077 764,1077 809,1077 853,1074 898,1077 943,1077 988,1077 1032,1077 1077,1080 1122,1077 1167,1077 1212,1077 1256,1077 1301,1074"/>
                <Word id="r_10_tl_15_w1" custom="readingOrder {index:0;}">
                    <Coords points="283,1041 283,1101 386,1101 386,1041"/>
                    <TextEquiv>
                        <Unicode>gabel</Unicode>
                    </TextEquiv>
                </Word>
                <Word id="r_10_tl_15_w2" custom="readingOrder {index:1;}">
                    <Coords points="402,1040 402,1100 535,1100 535,1040"/>
                    <TextEquiv>
                        <Unicode>gezeigt,</Unicode>
                    </TextEquiv>
                </Word>
                <Word id="r_10_tl_15_w3" custom="readingOrder {index:2;}">
                    <Coords points="551,1038 551,1098 654,1098 654,1038"/>
                    <TextEquiv>
                        <Unicode>wären</Unicode>
                    </TextEquiv>
                </Word>
                <Word id="r_10_tl_15_w4" custom="readingOrder {index:3;}">
                    <Coords points="686,1037 686,1097 721,1097 721,1037"/>
                    <TextEquiv>
                        <Unicode>sie</Unicode>
                    </TextEquiv>
                </Word>
                <Word id="r_10_tl_15_w5" custom="readingOrder {index:4;}">
                    <Coords points="742,1037 742,1097 835,1097 835,1037"/>
                    <TextEquiv>
                        <Unicode>beyde</Unicode>
                    </TextEquiv>
                </Word>
                <Word id="r_10_tl_15_w6" custom="readingOrder {index:5;}">
                    <Coords points="856,1037 856,1097 1103,1097 1103,1037"/>
                    <TextEquiv>
                        <Unicode>hingegangen,</Unicode>
                    </TextEquiv>
                </Word>
                <Word id="r_10_tl_15_w7" custom="readingOrder {index:6;}">
                    <Coords points="1119,1037 1119,1097 1170,1097 1170,1037"/>
                    <TextEquiv>
                        <Unicode>den</Unicode>
                    </TextEquiv>
                </Word>
                <Word id="r_10_tl_15_w8" custom="readingOrder {index:7;}">
                    <Coords points="1196,1037 1196,1097 1294,1097 1294,1037"/>
                    <TextEquiv>
                        <Unicode>Mör¬</Unicode>
                    </TextEquiv>
                </Word>
                <TextEquiv>
                    <Unicode>gabel gezeigt, wären sie beyde hingegangen, den Mör¬</Unicode>
                </TextEquiv>
            </TextLine>
            <TextLine id="r_10_tl_16" custom="readingOrder {index:15;}">
                <Coords points="273,1143 1298,1136 1298,1083 273,1096"/>
                <Baseline points="286,1128 319,1128 364,1128 409,1125 453,1128 498,1125 543,1125 588,1122 632,1125 677,1122 722,1122 767,1122 812,1122 856,1122 901,1122 946,1122 991,1125 1035,1125 1080,1125 1125,1125 1170,1125 1215,1125 1259,1122 1304,1122"/>
                <Word id="r_10_tl_16_w1" custom="readingOrder {index:0;}">
                    <Coords points="278,1088 278,1148 329,1148 329,1088"/>
                    <TextEquiv>
                        <Unicode>der</Unicode>
                    </TextEquiv>
                </Word>
                <Word id="r_10_tl_16_w2" custom="readingOrder {index:1;}">
                    <Coords points="351,1087 351,1147 381,1147 381,1087"/>
                    <TextEquiv>
                        <Unicode>zu</Unicode>
                    </TextEquiv>
                </Word>
                <Word id="r_10_tl_16_w3" custom="readingOrder {index:2;}">
                    <Coords points="413,1085 413,1145 563,1145 563,1085"/>
                    <TextEquiv>
                        <Unicode>greifen,</Unicode>
                    </TextEquiv>
                </Word>
                <Word id="r_10_tl_16_w4" custom="readingOrder {index:3;}">
                    <Coords points="590,1084 590,1144 652,1144 652,1084"/>
                    <TextEquiv>
                        <Unicode>und</Unicode>
                    </TextEquiv>
                </Word>
                <Word id="r_10_tl_16_w5" custom="readingOrder {index:4;}">
                    <Coords points="684,1082 684,1142 787,1142 787,1082"/>
                    <TextEquiv>
                        <Unicode>hätten</Unicode>
                    </TextEquiv>
                </Word>
                <Word id="r_10_tl_16_w6" custom="readingOrder {index:5;}">
                    <Coords points="824,1082 824,1142 875,1142 875,1082"/>
                    <TextEquiv>
                        <Unicode>ihn</Unicode>
                    </TextEquiv>
                </Word>
                <Word id="r_10_tl_16_w7" custom="readingOrder {index:6;}">
                    <Coords points="912,1082 912,1142 969,1142 969,1082"/>
                    <TextEquiv>
                        <Unicode>zum</Unicode>
                    </TextEquiv>
                </Word>
                <Word id="r_10_tl_16_w8" custom="readingOrder {index:7;}">
                    <Coords points="1011,1085 1011,1145 1286,1145 1286,1085"/>
                    <TextEquiv>
                        <Unicode>Friedensrichter</Unicode>
                    </TextEquiv>
                </Word>
                <TextEquiv>
                    <Unicode>der zu greifen, und hätten ihn zum Friedensrichter</Unicode>
                </TextEquiv>
            </TextLine>
            <TextLine id="r_10_tl_17" custom="readingOrder {index:16;}">
                <Coords points="278,1198 1291,1191 1276,1131 278,1143"/>
                <Baseline points="292,1179 313,1179 358,1176 403,1176 447,1176 492,1173 516,1173 537,1173 582,1173 626,1173 671,1170 716,1170 761,1170 806,1170 850,1170 895,1170 940,1170 985,1170 1030,1173 1074,1170 1119,1173 1164,1176 1209,1173 1253,1173 1298,1170"/>
                <Word id="r_10_tl_17_w1" custom="readingOrder {index:0;}">
                    <Coords points="284,1136 284,1196 439,1196 439,1136"/>
                    <TextEquiv>
                        <Unicode>geführt.</Unicode>
                    </TextEquiv>
                </Word>
                <Word id="r_10_tl_17_w2" custom="readingOrder {index:1;}">
                    <Coords points="511,1133 511,1193 572,1193 572,1133"/>
                    <TextEquiv>
                        <Unicode>Da</Unicode>
                    </TextEquiv>
                </Word>
                <Word id="r_10_tl_17_w3" custom="readingOrder {index:2;}">
                    <Coords points="606,1133 606,1193 639,1193 639,1133"/>
                    <TextEquiv>
                        <Unicode>er</Unicode>
                    </TextEquiv>
                </Word>
                <Word id="r_10_tl_17_w4" custom="readingOrder {index:3;}">
                    <Coords points="672,1130 672,1190 805,1190 805,1130"/>
                    <TextEquiv>
                        <Unicode>daselbst</Unicode>
                    </TextEquiv>
                </Word>
                <Word id="r_10_tl_17_w5" custom="readingOrder {index:4;}">
                    <Coords points="833,1130 833,1190 983,1190 983,1130"/>
                    <TextEquiv>
                        <Unicode>befraget</Unicode>
                    </TextEquiv>
                </Word>
                <Word id="r_10_tl_17_w6" custom="readingOrder {index:5;}">
                    <Coords points="1012,1131 1012,1191 1166,1191 1166,1131"/>
                    <TextEquiv>
                        <Unicode>worden,</Unicode>
                    </TextEquiv>
                </Word>
                <Word id="r_10_tl_17_w7" custom="readingOrder {index:6;}">
                    <Coords points="1206,1133 1206,1193 1294,1193 1294,1133"/>
                    <TextEquiv>
                        <Unicode>hätte</Unicode>
                    </TextEquiv>
                </Word>
                <TextEquiv>
                    <Unicode>geführt. Da er daselbst befraget worden, hätte</Unicode>
                </TextEquiv>
            </TextLine>
            <TextLine id="r_10_tl_18" custom="readingOrder {index:17;}">
                <Coords points="280,1236 1298,1236 1298,1188 1263,1183 280,1196"/>
                <Baseline points="295,1224 319,1227 364,1227 409,1227 453,1224 498,1224 543,1224 588,1224 632,1221 677,1221 722,1221 767,1224 812,1221 856,1221 901,1221 946,1221 991,1221 1035,1221 1080,1221 1125,1221 1170,1224 1215,1221 1259,1218 1304,1218"/>
                <Word id="r_10_tl_18_w1" custom="readingOrder {index:0;}">
                    <Coords points="285,1186 285,1246 338,1246 338,1186"/>
                    <TextEquiv>
                        <Unicode>der</Unicode>
                    </TextEquiv>
                </Word>
                <Word id="r_10_tl_18_w2" custom="readingOrder {index:1;}">
                    <Coords points="365,1186 365,1246 466,1246 466,1186"/>
                    <TextEquiv>
                        <Unicode>Zeuge</Unicode>
                    </TextEquiv>
                </Word>
                <Word id="r_10_tl_18_w3" custom="readingOrder {index:2;}">
                    <Coords points="493,1184 493,1244 535,1244 535,1184"/>
                    <TextEquiv>
                        <Unicode>ein</Unicode>
                    </TextEquiv>
                </Word>
                <Word id="r_10_tl_18_w4" custom="readingOrder {index:3;}">
                    <Coords points="562,1181 562,1241 678,1241 678,1181"/>
                    <TextEquiv>
                        <Unicode>andres</Unicode>
                    </TextEquiv>
                </Word>
                <Word id="r_10_tl_18_w5" custom="readingOrder {index:4;}">
                    <Coords points="705,1182 705,1242 796,1242 796,1182"/>
                    <TextEquiv>
                        <Unicode>Kleid</Unicode>
                    </TextEquiv>
                </Word>
                <Word id="r_10_tl_18_w6" custom="readingOrder {index:5;}">
                    <Coords points="823,1181 823,1241 854,1241 854,1181"/>
                    <TextEquiv>
                        <Unicode>an</Unicode>
                    </TextEquiv>
                </Word>
                <Word id="r_10_tl_18_w7" custom="readingOrder {index:6;}">
                    <Coords points="882,1181 882,1241 934,1241 934,1181"/>
                    <TextEquiv>
                        <Unicode>ihm</Unicode>
                    </TextEquiv>
                </Word>
                <Word id="r_10_tl_18_w8" custom="readingOrder {index:7;}">
                    <Coords points="977,1181 977,1241 1141,1241 1141,1181"/>
                    <TextEquiv>
                        <Unicode>bemerkt,</Unicode>
                    </TextEquiv>
                </Word>
                <Word id="r_10_tl_18_w9" custom="readingOrder {index:8;}">
                    <Coords points="1169,1182 1169,1242 1226,1242 1226,1182"/>
                    <TextEquiv>
                        <Unicode>und</Unicode>
                    </TextEquiv>
                </Word>
                <Word id="r_10_tl_18_w10" custom="readingOrder {index:9;}">
                    <Coords points="1254,1178 1254,1238 1285,1238 1285,1178"/>
                    <TextEquiv>
                        <Unicode>da</Unicode>
                    </TextEquiv>
                </Word>
                <TextEquiv>
                    <Unicode>der Zeuge ein andres Kleid an ihm bemerkt, und da</Unicode>
                </TextEquiv>
            </TextLine>
            <TextLine id="r_10_tl_19" custom="readingOrder {index:18;}">
                <Coords points="278,1286 1296,1288 1296,1236 1238,1226 278,1241"/>
                <Baseline points="292,1274 316,1277 361,1277 406,1274 450,1274 495,1274 540,1274 585,1274 629,1274 674,1271 719,1271 764,1271 809,1271 853,1271 898,1271 943,1271 988,1271 1032,1271 1077,1271 1122,1268 1167,1271 1212,1271 1256,1268 1301,1265"/>
                <Word id="r_10_tl_19_w1" custom="readingOrder {index:0;}">
                    <Coords points="284,1236 284,1296 332,1296 332,1236"/>
                    <TextEquiv>
                        <Unicode>ihn</Unicode>
                    </TextEquiv>
                </Word>
                <Word id="r_10_tl_19_w2" custom="readingOrder {index:1;}">
                    <Coords points="365,1234 365,1294 458,1294 458,1234"/>
                    <TextEquiv>
                        <Unicode>dieser</Unicode>
                    </TextEquiv>
                </Word>
                <Word id="r_10_tl_19_w3" custom="readingOrder {index:2;}">
                    <Coords points="480,1234 480,1294 638,1294 638,1234"/>
                    <TextEquiv>
                        <Unicode>Umstand</Unicode>
                    </TextEquiv>
                </Word>
                <Word id="r_10_tl_19_w4" custom="readingOrder {index:3;}">
                    <Coords points="661,1231 661,1291 862,1291 862,1231"/>
                    <TextEquiv>
                        <Unicode>befremdet,</Unicode>
                    </TextEquiv>
                </Word>
                <Word id="r_10_tl_19_w5" custom="readingOrder {index:4;}">
                    <Coords points="890,1231 890,1291 977,1291 977,1231"/>
                    <TextEquiv>
                        <Unicode>wäre</Unicode>
                    </TextEquiv>
                </Word>
                <Word id="r_10_tl_19_w6" custom="readingOrder {index:5;}">
                    <Coords points="1005,1231 1005,1291 1037,1291 1037,1231"/>
                    <TextEquiv>
                        <Unicode>er</Unicode>
                    </TextEquiv>
                </Word>
                <Word id="r_10_tl_19_w7" custom="readingOrder {index:6;}">
                    <Coords points="1065,1230 1065,1290 1118,1290 1118,1230"/>
                    <TextEquiv>
                        <Unicode>vom</Unicode>
                    </TextEquiv>
                </Word>
                <Word id="r_10_tl_19_w8" custom="readingOrder {index:7;}">
                    <Coords points="1163,1229 1163,1289 1293,1289 1293,1229"/>
                    <TextEquiv>
                        <Unicode>Richter</Unicode>
                    </TextEquiv>
                </Word>
                <TextEquiv>
                    <Unicode>ihn dieser Umstand befremdet, wäre er vom Richter</Unicode>
                </TextEquiv>
            </TextLine>
            <TextLine id="r_10_tl_20" custom="readingOrder {index:19;}">
                <Coords points="280,1338 1298,1336 1298,1288 1148,1273 280,1283"/>
                <Baseline points="295,1328 319,1328 364,1325 409,1325 453,1325 498,1328 543,1328 588,1325 632,1325 677,1325 722,1322 767,1319 812,1322 856,1322 901,1322 946,1322 991,1322 1035,1322 1080,1322 1125,1322 1170,1322 1215,1319 1259,1319 1304,1319"/>
                <Word id="r_10_tl_20_w1" custom="readingOrder {index:0;}">
                    <Coords points="286,1288 286,1348 313,1348 313,1288"/>
                    <TextEquiv>
                        <Unicode>in</Unicode>
                    </TextEquiv>
                </Word>
                <Word id="r_10_tl_20_w2" custom="readingOrder {index:1;}">
                    <Coords points="342,1285 342,1345 424,1345 424,1285"/>
                    <TextEquiv>
                        <Unicode>jenes</Unicode>
                    </TextEquiv>
                </Word>
                <Word id="r_10_tl_20_w3" custom="readingOrder {index:2;}">
                    <Coords points="452,1288 452,1348 546,1348 546,1288"/>
                    <TextEquiv>
                        <Unicode>Haus</Unicode>
                    </TextEquiv>
                </Word>
                <Word id="r_10_tl_20_w4" custom="readingOrder {index:3;}">
                    <Coords points="569,1285 569,1345 713,1345 713,1285"/>
                    <TextEquiv>
                        <Unicode>geschickt</Unicode>
                    </TextEquiv>
                </Word>
                <Word id="r_10_tl_20_w5" custom="readingOrder {index:4;}">
                    <Coords points="736,1282 736,1342 890,1342 890,1282"/>
                    <TextEquiv>
                        <Unicode>worden,</Unicode>
                    </TextEquiv>
                </Word>
                <Word id="r_10_tl_20_w6" custom="readingOrder {index:5;}">
                    <Coords points="913,1282 913,1342 1057,1342 1057,1282"/>
                    <TextEquiv>
                        <Unicode>woselbst</Unicode>
                    </TextEquiv>
                </Word>
                <Word id="r_10_tl_20_w7" custom="readingOrder {index:6;}">
                    <Coords points="1080,1282 1080,1342 1112,1342 1112,1282"/>
                    <TextEquiv>
                        <Unicode>sie</Unicode>
                    </TextEquiv>
                </Word>
                <Word id="r_10_tl_20_w8" custom="readingOrder {index:7;}">
                    <Coords points="1141,1282 1141,1342 1195,1342 1195,1282"/>
                    <TextEquiv>
                        <Unicode>das</Unicode>
                    </TextEquiv>
                </Word>
                <Word id="r_10_tl_20_w9" custom="readingOrder {index:8;}">
                    <Coords points="1224,1279 1224,1339 1295,1339 1295,1279"/>
                    <TextEquiv>
                        <Unicode>vor¬</Unicode>
                    </TextEquiv>
                </Word>
                <TextEquiv>
                    <Unicode>in jenes Haus geschickt worden, woselbst sie das vor¬</Unicode>
                </TextEquiv>
            </TextLine>
            <TextLine id="r_10_tl_21" custom="readingOrder {index:20;}">
                <Coords points="275,1396 670,1383 773,1413 918,1383 1071,1411 1298,1388 1301,1333 278,1338"/>
                <Baseline points="289,1376 316,1376 361,1376 406,1376 450,1376 495,1376 540,1376 585,1373 629,1373 674,1376 719,1373 764,1373 809,1376 853,1373 898,1376 943,1373 988,1373 1032,1376 1077,1376 1122,1373 1167,1373 1212,1373 1256,1373 1301,1373"/>
                <Word id="r_10_tl_21_w1" custom="readingOrder {index:0;}">
                    <Coords points="282,1336 282,1396 338,1396 338,1336"/>
                    <TextEquiv>
                        <Unicode>her</Unicode>
                    </TextEquiv>
                </Word>
                <Word id="r_10_tl_21_w2" custom="readingOrder {index:1;}">
                    <Coords points="362,1336 362,1396 509,1396 509,1336"/>
                    <TextEquiv>
                        <Unicode>gesehene</Unicode>
                    </TextEquiv>
                </Word>
                <Word id="r_10_tl_21_w3" custom="readingOrder {index:2;}">
                    <Coords points="533,1333 533,1393 624,1393 624,1333"/>
                    <TextEquiv>
                        <Unicode>Kleid</Unicode>
                    </TextEquiv>
                </Word>
                <Word id="r_10_tl_21_w4" custom="readingOrder {index:3;}">
                    <Coords points="653,1335 653,1395 675,1395 675,1335"/>
                    <TextEquiv>
                        <Unicode>im</Unicode>
                    </TextEquiv>
                </Word>
                <Word id="r_10_tl_21_w5" custom="readingOrder {index:4;}">
                    <Coords points="710,1333 710,1393 818,1393 818,1333"/>
                    <TextEquiv>
                        <Unicode>Stroh</Unicode>
                    </TextEquiv>
                </Word>
                <Word id="r_10_tl_21_w6" custom="readingOrder {index:5;}">
                    <Coords points="847,1334 847,1394 898,1394 898,1334"/>
                    <TextEquiv>
                        <Unicode>des</Unicode>
                    </TextEquiv>
                </Word>
                <Word id="r_10_tl_21_w7" custom="readingOrder {index:6;}">
                    <Coords points="921,1333 921,1393 1035,1393 1035,1333"/>
                    <TextEquiv>
                        <Unicode>Bettes</Unicode>
                    </TextEquiv>
                </Word>
                <Word id="r_10_tl_21_w8" custom="readingOrder {index:7;}">
                    <Coords points="1064,1333 1064,1393 1206,1393 1206,1333"/>
                    <TextEquiv>
                        <Unicode>versteckt</Unicode>
                    </TextEquiv>
                </Word>
                <Word id="r_10_tl_21_w9" custom="readingOrder {index:8;}">
                    <Coords points="1230,1333 1230,1393 1286,1393 1286,1333"/>
                    <TextEquiv>
                        <Unicode>und</Unicode>
                    </TextEquiv>
                </Word>
                <TextEquiv>
                    <Unicode>her gesehene Kleid im Stroh des Bettes versteckt und</Unicode>
                </TextEquiv>
            </TextLine>
            <TextLine id="r_10_tl_22" custom="readingOrder {index:21;}">
                <Coords points="275,1458 303,1466 343,1433 703,1436 703,1391 653,1381 533,1381 513,1398 478,1383 375,1398 360,1383 275,1398"/>
                <Baseline points="289,1430 307,1427 352,1424 397,1424 441,1424 486,1424 531,1424 576,1424 620,1421 665,1424 710,1427"/>
                <Word id="r_10_tl_22_w1" custom="readingOrder {index:0;}">
                    <Coords points="282,1386 282,1446 362,1446 362,1386"/>
                    <TextEquiv>
                        <Unicode>ganz</Unicode>
                    </TextEquiv>
                </Word>
                <Word id="r_10_tl_22_w2" custom="readingOrder {index:1;}">
                    <Coords points="386,1384 386,1444 490,1444 490,1384"/>
                    <TextEquiv>
                        <Unicode>blutig</Unicode>
                    </TextEquiv>
                </Word>
                <Word id="r_10_tl_22_w3" custom="readingOrder {index:2;}">
                    <Coords points="514,1382 514,1442 694,1442 694,1382"/>
                    <TextEquiv>
                        <Unicode>gefunden.</Unicode>
                    </TextEquiv>
                </Word>
                <TextEquiv>
                    <Unicode>ganz blutig gefunden.</Unicode>
                </TextEquiv>
            </TextLine>
            <TextLine id="r_10_tl_23" custom="readingOrder {index:22;}">
                <Coords points="320,1481 1296,1491 1296,1441 1176,1401 1128,1433 1036,1398 948,1441 320,1433"/>
                <Baseline points="334,1471 361,1468 406,1471 450,1471 495,1474 540,1474 585,1474 629,1474 674,1474 719,1471 764,1471 809,1471 853,1471 898,1471 943,1471 988,1471 1032,1471 1077,1471 1122,1471 1167,1471 1212,1471 1256,1471 1301,1468"/>
                <Word id="r_10_tl_23_w1" custom="readingOrder {index:0;}">
                    <Coords points="332,1428 332,1488 411,1488 411,1428"/>
                    <TextEquiv>
                        <Unicode>Der</Unicode>
                    </TextEquiv>
                </Word>
                <Word id="r_10_tl_23_w2" custom="readingOrder {index:1;}">
                    <Coords points="434,1432 434,1492 524,1492 524,1432"/>
                    <TextEquiv>
                        <Unicode>dritte</Unicode>
                    </TextEquiv>
                </Word>
                <Word id="r_10_tl_23_w3" custom="readingOrder {index:2;}">
                    <Coords points="547,1434 547,1494 654,1494 654,1434"/>
                    <TextEquiv>
                        <Unicode>Zeuge</Unicode>
                    </TextEquiv>
                </Word>
                <Word id="r_10_tl_23_w4" custom="readingOrder {index:3;}">
                    <Coords points="677,1431 677,1491 875,1491 875,1431"/>
                    <TextEquiv>
                        <Unicode>versicherte,</Unicode>
                    </TextEquiv>
                </Word>
                <Word id="r_10_tl_23_w5" custom="readingOrder {index:4;}">
                    <Coords points="898,1431 898,1491 931,1491 931,1431"/>
                    <TextEquiv>
                        <Unicode>er</Unicode>
                    </TextEquiv>
                </Word>
                <Word id="r_10_tl_23_w6" custom="readingOrder {index:5;}">
                    <Coords points="954,1431 954,1491 1038,1491 1038,1431"/>
                    <TextEquiv>
                        <Unicode>hätte</Unicode>
                    </TextEquiv>
                </Word>
                <Word id="r_10_tl_23_w7" custom="readingOrder {index:6;}">
                    <Coords points="1062,1431 1062,1491 1112,1491 1112,1431"/>
                    <TextEquiv>
                        <Unicode>den</Unicode>
                    </TextEquiv>
                </Word>
                <Word id="r_10_tl_23_w8" custom="readingOrder {index:7;}">
                    <Coords points="1141,1431 1141,1491 1293,1491 1293,1431"/>
                    <TextEquiv>
                        <Unicode>Gefang¬</Unicode>
                    </TextEquiv>
                </Word>
                <TextEquiv>
                    <Unicode>Der dritte Zeuge versicherte, er hätte den Gefang¬</Unicode>
                </TextEquiv>
            </TextLine>
            <TextLine id="r_10_tl_24" custom="readingOrder {index:23;}">
                <Coords points="273,1533 1291,1538 1291,1491 1138,1473 273,1476"/>
                <Baseline points="286,1519 313,1519 358,1522 403,1522 447,1522 492,1522 537,1519 582,1519 626,1519 671,1522 716,1519 761,1519 806,1519 850,1519 895,1519 940,1522 985,1522 1030,1522 1074,1522 1119,1522 1164,1522 1209,1522 1253,1519 1298,1516"/>
                <Word id="r_10_tl_24_w1" custom="readingOrder {index:0;}">
                    <Coords points="283,1479 283,1539 344,1539 344,1479"/>
                    <TextEquiv>
                        <Unicode>nen</Unicode>
                    </TextEquiv>
                </Word>
                <Word id="r_10_tl_24_w2" custom="readingOrder {index:1;}">
                    <Coords points="376,1482 376,1542 478,1542 478,1482"/>
                    <TextEquiv>
                        <Unicode>einige</Unicode>
                    </TextEquiv>
                </Word>
                <Word id="r_10_tl_24_w3" custom="readingOrder {index:2;}">
                    <Coords points="505,1479 505,1539 592,1539 592,1479"/>
                    <TextEquiv>
                        <Unicode>Tage</Unicode>
                    </TextEquiv>
                </Word>
                <Word id="r_10_tl_24_w4" custom="readingOrder {index:3;}">
                    <Coords points="619,1480 619,1540 675,1540 675,1480"/>
                    <TextEquiv>
                        <Unicode>vor</Unicode>
                    </TextEquiv>
                </Word>
                <Word id="r_10_tl_24_w5" custom="readingOrder {index:4;}">
                    <Coords points="706,1479 706,1539 757,1539 757,1479"/>
                    <TextEquiv>
                        <Unicode>dem</Unicode>
                    </TextEquiv>
                </Word>
                <Word id="r_10_tl_24_w6" custom="readingOrder {index:5;}">
                    <Coords points="800,1479 800,1539 923,1539 923,1479"/>
                    <TextEquiv>
                        <Unicode>Morde</Unicode>
                    </TextEquiv>
                </Word>
                <Word id="r_10_tl_24_w7" custom="readingOrder {index:6;}">
                    <Coords points="954,1482 954,1542 1005,1542 1005,1482"/>
                    <TextEquiv>
                        <Unicode>dem</Unicode>
                    </TextEquiv>
                </Word>
                <Word id="r_10_tl_24_w8" custom="readingOrder {index:7;}">
                    <Coords points="1047,1482 1047,1542 1284,1542 1284,1482"/>
                    <TextEquiv>
                        <Unicode>Unglücklichen</Unicode>
                    </TextEquiv>
                </Word>
                <TextEquiv>
                    <Unicode>nen einige Tage vor dem Morde dem Unglücklichen</Unicode>
                </TextEquiv>
            </TextLine>
            <TextLine id="r_10_tl_25" custom="readingOrder {index:24;}">
                <Coords points="280,1576 1291,1583 1291,1538 1253,1531 280,1528"/>
                <Baseline points="295,1567 340,1570 385,1570 429,1570 474,1570 519,1570 564,1570 609,1570 653,1570 698,1573 743,1570 788,1570 832,1570 877,1570 922,1570 967,1570 1012,1570 1056,1570 1101,1570 1146,1570 1191,1570 1236,1570 1280,1570 1298,1567"/>
                <Word id="r_10_tl_25_w1" custom="readingOrder {index:0;}">
                    <Coords points="286,1528 286,1588 361,1588 361,1528"/>
                    <TextEquiv>
                        <Unicode>hart</Unicode>
                    </TextEquiv>
                </Word>
                <Word id="r_10_tl_25_w2" custom="readingOrder {index:1;}">
                    <Coords points="389,1530 389,1590 507,1590 507,1530"/>
                    <TextEquiv>
                        <Unicode>drohen</Unicode>
                    </TextEquiv>
                </Word>
                <Word id="r_10_tl_25_w3" custom="readingOrder {index:2;}">
                    <Coords points="546,1530 546,1590 676,1590 676,1530"/>
                    <TextEquiv>
                        <Unicode>gehört.</Unicode>
                    </TextEquiv>
                </Word>
                <Word id="r_10_tl_25_w4" custom="readingOrder {index:3;}">
                    <Coords points="720,1530 720,1590 930,1590 930,1530"/>
                    <TextEquiv>
                        <Unicode>Inzwischen</Unicode>
                    </TextEquiv>
                </Word>
                <Word id="r_10_tl_25_w5" custom="readingOrder {index:4;}">
                    <Coords points="975,1530 975,1590 1099,1590 1099,1530"/>
                    <TextEquiv>
                        <Unicode>gestand</Unicode>
                    </TextEquiv>
                </Word>
                <Word id="r_10_tl_25_w6" custom="readingOrder {index:5;}">
                    <Coords points="1137,1530 1137,1590 1185,1590 1185,1530"/>
                    <TextEquiv>
                        <Unicode>der</Unicode>
                    </TextEquiv>
                </Word>
                <Word id="r_10_tl_25_w7" custom="readingOrder {index:6;}">
                    <Coords points="1224,1530 1224,1590 1294,1590 1294,1530"/>
                    <TextEquiv>
                        <Unicode>Be¬</Unicode>
                    </TextEquiv>
                </Word>
                <TextEquiv>
                    <Unicode>hart drohen gehört. Inzwischen gestand der Be¬</Unicode>
                </TextEquiv>
            </TextLine>
            <TextLine id="r_10_tl_26" custom="readingOrder {index:25;}">
                <Coords points="273,1618 1291,1626 1268,1578 275,1571"/>
                <Baseline points="286,1618 313,1621 358,1621 403,1621 447,1621 492,1621 537,1621 582,1621 626,1618 671,1618 716,1618 761,1618 806,1618 850,1618 895,1618 940,1618 985,1618 1030,1618 1074,1618 1119,1618 1164,1618 1209,1618 1253,1618 1298,1615"/>
                <Word id="r_10_tl_26_w1" custom="readingOrder {index:0;}">
                    <Coords points="279,1581 279,1641 385,1641 385,1581"/>
                    <TextEquiv>
                        <Unicode>klagte</Unicode>
                    </TextEquiv>
                </Word>
                <Word id="r_10_tl_26_w2" custom="readingOrder {index:1;}">
                    <Coords points="402,1581 402,1641 463,1641 463,1581"/>
                    <TextEquiv>
                        <Unicode>mit</Unicode>
                    </TextEquiv>
                </Word>
                <Word id="r_10_tl_26_w3" custom="readingOrder {index:2;}">
                    <Coords points="486,1581 486,1641 580,1641 580,1581"/>
                    <TextEquiv>
                        <Unicode>kaltem</Unicode>
                    </TextEquiv>
                </Word>
                <Word id="r_10_tl_26_w4" custom="readingOrder {index:3;}">
                    <Coords points="620,1578 620,1638 747,1638 747,1578"/>
                    <TextEquiv>
                        <Unicode>Blute,</Unicode>
                    </TextEquiv>
                </Word>
                <Word id="r_10_tl_26_w5" custom="readingOrder {index:4;}">
                    <Coords points="776,1578 776,1638 837,1638 837,1578"/>
                    <TextEquiv>
                        <Unicode>wie</Unicode>
                    </TextEquiv>
                </Word>
                <Word id="r_10_tl_26_w6" custom="readingOrder {index:5;}">
                    <Coords points="854,1578 854,1638 959,1638 959,1578"/>
                    <TextEquiv>
                        <Unicode>auch,</Unicode>
                    </TextEquiv>
                </Word>
                <Word id="r_10_tl_26_w7" custom="readingOrder {index:6;}">
                    <Coords points="982,1578 982,1638 1038,1638 1038,1578"/>
                    <TextEquiv>
                        <Unicode>daß</Unicode>
                    </TextEquiv>
                </Word>
                <Word id="r_10_tl_26_w8" custom="readingOrder {index:7;}">
                    <Coords points="1066,1578 1066,1638 1104,1638 1104,1578"/>
                    <TextEquiv>
                        <Unicode>sie</Unicode>
                    </TextEquiv>
                </Word>
                <Word id="r_10_tl_26_w9" custom="readingOrder {index:8;}">
                    <Coords points="1128,1578 1128,1638 1222,1638 1222,1578"/>
                    <TextEquiv>
                        <Unicode>beyde</Unicode>
                    </TextEquiv>
                </Word>
                <Word id="r_10_tl_26_w10" custom="readingOrder {index:9;}">
                    <Coords points="1250,1576 1250,1636 1289,1636 1289,1576"/>
                    <TextEquiv>
                        <Unicode>je¬</Unicode>
                    </TextEquiv>
                </Word>
                <TextEquiv>
                    <Unicode>klagte mit kaltem Blute, wie auch, daß sie beyde je¬</Unicode>
                </TextEquiv>
            </TextLine>
            <TextLine id="r_10_tl_27" custom="readingOrder {index:26;}">
                <Coords points="275,1668 1291,1681 1291,1626 275,1628"/>
                <Baseline points="289,1665 334,1668 379,1668 423,1668 468,1668 513,1668 558,1668 603,1668 647,1668 692,1665 737,1665 782,1668 826,1668 871,1665 916,1668 961,1668 1006,1665 1050,1668 1095,1668 1140,1668 1185,1668 1230,1668 1274,1668 1298,1665"/>
                <Word id="r_10_tl_27_w1" custom="readingOrder {index:0;}">
                    <Coords points="280,1626 280,1686 333,1686 333,1626"/>
                    <TextEquiv>
                        <Unicode>der</Unicode>
                    </TextEquiv>
                </Word>
                <Word id="r_10_tl_27_w2" custom="readingOrder {index:1;}">
                    <Coords points="355,1628 355,1688 397,1688 397,1628"/>
                    <TextEquiv>
                        <Unicode>ein</Unicode>
                    </TextEquiv>
                </Word>
                <Word id="r_10_tl_27_w3" custom="readingOrder {index:2;}">
                    <Coords points="419,1628 419,1688 488,1688 488,1628"/>
                    <TextEquiv>
                        <Unicode>Feld</Unicode>
                    </TextEquiv>
                </Word>
                <Word id="r_10_tl_27_w4" custom="readingOrder {index:3;}">
                    <Coords points="515,1628 515,1688 541,1688 541,1628"/>
                    <TextEquiv>
                        <Unicode>in</Unicode>
                    </TextEquiv>
                </Word>
                <Word id="r_10_tl_27_w5" custom="readingOrder {index:4;}">
                    <Coords points="569,1627 569,1687 739,1687 739,1627"/>
                    <TextEquiv>
                        <Unicode>demselben</Unicode>
                    </TextEquiv>
                </Word>
                <Word id="r_10_tl_27_w6" custom="readingOrder {index:5;}">
                    <Coords points="766,1625 766,1685 958,1685 958,1625"/>
                    <TextEquiv>
                        <Unicode>Kirchspiele</Unicode>
                    </TextEquiv>
                </Word>
                <Word id="r_10_tl_27_w7" custom="readingOrder {index:6;}">
                    <Coords points="980,1626 980,1686 1000,1686 1000,1626"/>
                    <TextEquiv>
                        <Unicode>so</Unicode>
                    </TextEquiv>
                </Word>
                <Word id="r_10_tl_27_w8" custom="readingOrder {index:7;}">
                    <Coords points="1017,1628 1017,1688 1102,1688 1102,1628"/>
                    <TextEquiv>
                        <Unicode>nahe</Unicode>
                    </TextEquiv>
                </Word>
                <Word id="r_10_tl_27_w9" custom="readingOrder {index:8;}">
                    <Coords points="1124,1628 1124,1688 1283,1688 1283,1628"/>
                    <TextEquiv>
                        <Unicode>granzend</Unicode>
                    </TextEquiv>
                </Word>
                <TextEquiv>
                    <Unicode>der ein Feld in demselben Kirchspiele so nahe granzend</Unicode>
                </TextEquiv>
            </TextLine>
            <TextLine id="r_10_tl_28" custom="readingOrder {index:27;}">
                <Coords points="278,1728 1296,1726 1296,1681 1246,1673 278,1671"/>
                <Baseline points="292,1713 337,1719 382,1716 426,1716 471,1716 516,1716 561,1716 606,1716 650,1713 695,1713 740,1713 785,1713 829,1713 874,1713 919,1716 964,1716 1009,1713 1053,1716 1098,1713 1143,1716 1188,1713 1233,1716 1277,1716 1301,1713"/>
                <Word id="r_10_tl_28_w1" custom="readingOrder {index:0;}">
                    <Coords points="283,1677 283,1737 426,1737 426,1677"/>
                    <TextEquiv>
                        <Unicode>gehabt,</Unicode>
                    </TextEquiv>
                </Word>
                <Word id="r_10_tl_28_w2" custom="readingOrder {index:1;}">
                    <Coords points="454,1676 454,1736 506,1736 506,1676"/>
                    <TextEquiv>
                        <Unicode>daß</Unicode>
                    </TextEquiv>
                </Word>
                <Word id="r_10_tl_28_w3" custom="readingOrder {index:2;}">
                    <Coords points="539,1676 539,1736 623,1736 623,1676"/>
                    <TextEquiv>
                        <Unicode>einer</Unicode>
                    </TextEquiv>
                </Word>
                <Word id="r_10_tl_28_w4" custom="readingOrder {index:3;}">
                    <Coords points="645,1673 645,1733 735,1733 735,1673"/>
                    <TextEquiv>
                        <Unicode>durch</Unicode>
                    </TextEquiv>
                </Word>
                <Word id="r_10_tl_28_w5" custom="readingOrder {index:4;}">
                    <Coords points="762,1673 762,1733 815,1733 815,1673"/>
                    <TextEquiv>
                        <Unicode>des</Unicode>
                    </TextEquiv>
                </Word>
                <Word id="r_10_tl_28_w6" custom="readingOrder {index:5;}">
                    <Coords points="842,1674 842,1734 959,1734 959,1674"/>
                    <TextEquiv>
                        <Unicode>andern</Unicode>
                    </TextEquiv>
                </Word>
                <Word id="r_10_tl_28_w7" custom="readingOrder {index:6;}">
                    <Coords points="986,1673 986,1733 1054,1733 1054,1673"/>
                    <TextEquiv>
                        <Unicode>Feld</Unicode>
                    </TextEquiv>
                </Word>
                <Word id="r_10_tl_28_w8" custom="readingOrder {index:7;}">
                    <Coords points="1087,1673 1087,1733 1283,1733 1283,1673"/>
                    <TextEquiv>
                        <Unicode>durchgehen</Unicode>
                    </TextEquiv>
                </Word>
                <TextEquiv>
                    <Unicode>gehabt, daß einer durch des andern Feld durchgehen</Unicode>
                </TextEquiv>
            </TextLine>
            <TextLine id="r_10_tl_29" custom="readingOrder {index:28;}">
                <Coords points="280,1768 1291,1771 1268,1723 280,1731"/>
                <Baseline points="295,1758 340,1761 385,1761 429,1764 474,1761 519,1761 564,1758 609,1761 653,1761 698,1758 743,1761 788,1758 832,1758 877,1758 922,1758 967,1761 1012,1758 1056,1758 1101,1758 1146,1758 1191,1758 1236,1758 1280,1758 1298,1761"/>
                <Word id="r_10_tl_29_w1" custom="readingOrder {index:0;}">
                    <Coords points="284,1721 284,1781 422,1781 422,1721"/>
                    <TextEquiv>
                        <Unicode>mussen.</Unicode>
                    </TextEquiv>
                </Word>
                <Word id="r_10_tl_29_w2" custom="readingOrder {index:1;}">
                    <Coords points="486,1721 486,1781 530,1781 530,1721"/>
                    <TextEquiv>
                        <Unicode>Am</Unicode>
                    </TextEquiv>
                </Word>
                <Word id="r_10_tl_29_w3" custom="readingOrder {index:2;}">
                    <Coords points="580,1721 580,1781 668,1781 668,1721"/>
                    <TextEquiv>
                        <Unicode>Tage</Unicode>
                    </TextEquiv>
                </Word>
                <Word id="r_10_tl_29_w4" custom="readingOrder {index:3;}">
                    <Coords points="698,1720 698,1780 801,1780 801,1720"/>
                    <TextEquiv>
                        <Unicode>seines</Unicode>
                    </TextEquiv>
                </Word>
                <Word id="r_10_tl_29_w5" custom="readingOrder {index:4;}">
                    <Coords points="832,1718 832,1778 969,1778 969,1718"/>
                    <TextEquiv>
                        <Unicode>Todes,</Unicode>
                    </TextEquiv>
                </Word>
                <Word id="r_10_tl_29_w6" custom="readingOrder {index:5;}">
                    <Coords points="1004,1718 1004,1778 1087,1778 1087,1718"/>
                    <TextEquiv>
                        <Unicode>setzte</Unicode>
                    </TextEquiv>
                </Word>
                <Word id="r_10_tl_29_w7" custom="readingOrder {index:6;}">
                    <Coords points="1117,1718 1117,1778 1146,1778 1146,1718"/>
                    <TextEquiv>
                        <Unicode>er</Unicode>
                    </TextEquiv>
                </Word>
                <Word id="r_10_tl_29_w8" custom="readingOrder {index:7;}">
                    <Coords points="1177,1718 1177,1778 1289,1778 1289,1718"/>
                    <TextEquiv>
                        <Unicode>hinzu,</Unicode>
                    </TextEquiv>
                </Word>
                <TextEquiv>
                    <Unicode>mussen. Am Tage seines Todes, setzte er hinzu,</Unicode>
                </TextEquiv>
            </TextLine>
            <TextLine id="r_10_tl_30" custom="readingOrder {index:29;}">
                <Coords points="275,1818 1291,1808 1291,1771 1103,1753 1016,1781 275,1771"/>
                <Baseline points="289,1809 313,1806 358,1806 403,1803 447,1803 492,1803 537,1803 582,1803 626,1803 671,1803 716,1800 761,1800 806,1800 850,1797 895,1800 940,1800 985,1797 1030,1797 1074,1797 1119,1797 1164,1797 1209,1797 1253,1800 1298,1797"/>
                <Word id="r_10_tl_30_w1" custom="readingOrder {index:0;}">
                    <Coords points="285,1766 285,1826 380,1826 380,1766"/>
                    <TextEquiv>
                        <Unicode>gieng</Unicode>
                    </TextEquiv>
                </Word>
                <Word id="r_10_tl_30_w2" custom="readingOrder {index:1;}">
                    <Coords points="405,1763 405,1823 446,1823 446,1763"/>
                    <TextEquiv>
                        <Unicode>ich</Unicode>
                    </TextEquiv>
                </Word>
                <Word id="r_10_tl_30_w3" custom="readingOrder {index:2;}">
                    <Coords points="471,1763 471,1823 536,1823 536,1763"/>
                    <TextEquiv>
                        <Unicode>sehr</Unicode>
                    </TextEquiv>
                </Word>
                <Word id="r_10_tl_30_w4" custom="readingOrder {index:3;}">
                    <Coords points="563,1763 563,1823 632,1823 632,1763"/>
                    <TextEquiv>
                        <Unicode>früh</Unicode>
                    </TextEquiv>
                </Word>
                <Word id="r_10_tl_30_w5" custom="readingOrder {index:4;}">
                    <Coords points="668,1761 668,1821 729,1821 729,1761"/>
                    <TextEquiv>
                        <Unicode>mit</Unicode>
                    </TextEquiv>
                </Word>
                <Word id="r_10_tl_30_w6" custom="readingOrder {index:5;}">
                    <Coords points="755,1759 755,1819 875,1819 875,1759"/>
                    <TextEquiv>
                        <Unicode>meiner</Unicode>
                    </TextEquiv>
                </Word>
                <Word id="r_10_tl_30_w7" custom="readingOrder {index:6;}">
                    <Coords points="901,1759 901,1819 1001,1819 1001,1759"/>
                    <TextEquiv>
                        <Unicode>Mist=</Unicode>
                    </TextEquiv>
                </Word>
                <Word id="r_10_tl_30_w8" custom="readingOrder {index:7;}">
                    <Coords points="1022,1757 1022,1817 1097,1817 1097,1757"/>
                    <TextEquiv>
                        <Unicode>oder</Unicode>
                    </TextEquiv>
                </Word>
                <Word id="r_10_tl_30_w9" custom="readingOrder {index:8;}">
                    <Coords points="1118,1757 1118,1817 1294,1817 1294,1757"/>
                    <TextEquiv>
                        <Unicode>Heugabel</Unicode>
                    </TextEquiv>
                </Word>
                <TextEquiv>
                    <Unicode>gieng ich sehr früh mit meiner Mist= oder Heugabel</Unicode>
                </TextEquiv>
            </TextLine>
            <TextLine id="r_10_tl_31" custom="readingOrder {index:30;}">
                <Coords points="278,1866 1291,1858 1263,1803 278,1821"/>
                <Baseline points="292,1854 313,1854 358,1851 403,1851 447,1851 492,1851 537,1851 582,1851 626,1851 671,1848 716,1848 761,1848 806,1845 850,1845 895,1845 940,1845 985,1845 1030,1845 1074,1845 1119,1845 1164,1845 1209,1845 1253,1848 1298,1845"/>
                <Word id="r_10_tl_31_w1" custom="readingOrder {index:0;}">
                    <Coords points="284,1813 284,1873 343,1873 343,1813"/>
                    <TextEquiv>
                        <Unicode>auf</Unicode>
                    </TextEquiv>
                </Word>
                <Word id="r_10_tl_31_w2" custom="readingOrder {index:1;}">
                    <Coords points="365,1811 365,1871 447,1871 447,1811"/>
                    <TextEquiv>
                        <Unicode>mein</Unicode>
                    </TextEquiv>
                </Word>
                <Word id="r_10_tl_31_w3" custom="readingOrder {index:2;}">
                    <Coords points="475,1811 475,1871 567,1871 567,1811"/>
                    <TextEquiv>
                        <Unicode>Feld.</Unicode>
                    </TextEquiv>
                </Word>
                <Word id="r_10_tl_31_w4" custom="readingOrder {index:3;}">
                    <Coords points="617,1809 617,1869 676,1869 676,1809"/>
                    <TextEquiv>
                        <Unicode>Ich</Unicode>
                    </TextEquiv>
                </Word>
                <Word id="r_10_tl_31_w5" custom="readingOrder {index:4;}">
                    <Coords points="716,1808 716,1868 802,1868 802,1808"/>
                    <TextEquiv>
                        <Unicode>ward</Unicode>
                    </TextEquiv>
                </Word>
                <Word id="r_10_tl_31_w6" custom="readingOrder {index:5;}">
                    <Coords points="835,1805 835,1865 922,1865 922,1805"/>
                    <TextEquiv>
                        <Unicode>nicht</Unicode>
                    </TextEquiv>
                </Word>
                <Word id="r_10_tl_31_w7" custom="readingOrder {index:6;}">
                    <Coords points="945,1805 945,1865 1021,1865 1021,1805"/>
                    <TextEquiv>
                        <Unicode>weit</Unicode>
                    </TextEquiv>
                </Word>
                <Word id="r_10_tl_31_w8" custom="readingOrder {index:7;}">
                    <Coords points="1043,1805 1043,1865 1097,1865 1097,1805"/>
                    <TextEquiv>
                        <Unicode>vom</Unicode>
                    </TextEquiv>
                </Word>
                <Word id="r_10_tl_31_w9" custom="readingOrder {index:8;}">
                    <Coords points="1141,1805 1141,1865 1288,1865 1288,1805"/>
                    <TextEquiv>
                        <Unicode>Fußsteig</Unicode>
                    </TextEquiv>
                </Word>
                <TextEquiv>
                    <Unicode>auf mein Feld. Ich ward nicht weit vom Fußsteig</Unicode>
                </TextEquiv>
            </TextLine>
            <TextLine id="r_10_tl_32" custom="readingOrder {index:31;}">
                <Coords points="280,1903 1286,1913 1286,1861 1246,1856 280,1871"/>
                <Baseline points="295,1901 307,1901 352,1901 397,1898 441,1901 486,1901 531,1898 576,1898 620,1901 665,1901 710,1898 755,1898 800,1898 844,1895 889,1898 934,1898 979,1898 1024,1895 1068,1898 1113,1898 1158,1898 1203,1898 1247,1898 1292,1895"/>
                <Word id="r_10_tl_32_w1" custom="readingOrder {index:0;}">
                    <Coords points="287,1861 287,1921 373,1921 373,1861"/>
                    <TextEquiv>
                        <Unicode>eines</Unicode>
                    </TextEquiv>
                </Word>
                <Word id="r_10_tl_32_w2" custom="readingOrder {index:1;}">
                    <Coords points="403,1860 403,1920 577,1920 577,1860"/>
                    <TextEquiv>
                        <Unicode>Menschen</Unicode>
                    </TextEquiv>
                </Word>
                <Word id="r_10_tl_32_w3" custom="readingOrder {index:2;}">
                    <Coords points="607,1859 607,1919 764,1919 764,1859"/>
                    <TextEquiv>
                        <Unicode>gewahr,</Unicode>
                    </TextEquiv>
                </Word>
                <Word id="r_10_tl_32_w4" custom="readingOrder {index:3;}">
                    <Coords points="788,1857 788,1917 840,1917 840,1857"/>
                    <TextEquiv>
                        <Unicode>der</Unicode>
                    </TextEquiv>
                </Word>
                <Word id="r_10_tl_32_w5" custom="readingOrder {index:4;}">
                    <Coords points="863,1858 863,1918 1078,1918 1078,1858"/>
                    <TextEquiv>
                        <Unicode>unbeweglich</Unicode>
                    </TextEquiv>
                </Word>
                <Word id="r_10_tl_32_w6" custom="readingOrder {index:5;}">
                    <Coords points="1103,1858 1103,1918 1172,1918 1172,1858"/>
                    <TextEquiv>
                        <Unicode>lag.</Unicode>
                    </TextEquiv>
                </Word>
                <Word id="r_10_tl_32_w7" custom="readingOrder {index:6;}">
                    <Coords points="1225,1857 1225,1917 1282,1917 1282,1857"/>
                    <TextEquiv>
                        <Unicode>Jch</Unicode>
                    </TextEquiv>
                </Word>
                <TextEquiv>
                    <Unicode>eines Menschen gewahr, der unbeweglich lag. Jch</Unicode>
                </TextEquiv>
            </TextLine>
            <TextLine id="r_10_tl_33" custom="readingOrder {index:32;}">
                <Coords points="280,1956 1286,1966 1268,1906 973,1931 280,1903"/>
                <Baseline points="295,1949 340,1952 385,1952 429,1952 474,1952 519,1952 564,1952 609,1949 653,1949 698,1949 743,1949 788,1949 832,1949 877,1949 922,1949 967,1949 1012,1949 1056,1949 1101,1949 1146,1952 1191,1949 1236,1949 1280,1949 1292,1949"/>
                <Word id="r_10_tl_33_w1" custom="readingOrder {index:0;}">
                    <Coords points="286,1910 286,1970 358,1970 358,1910"/>
                    <TextEquiv>
                        <Unicode>fand</Unicode>
                    </TextEquiv>
                </Word>
                <Word id="r_10_tl_33_w2" custom="readingOrder {index:1;}">
                    <Coords points="386,1912 386,1972 458,1972 458,1912"/>
                    <TextEquiv>
                        <Unicode>mich</Unicode>
                    </TextEquiv>
                </Word>
                <Word id="r_10_tl_33_w3" custom="readingOrder {index:2;}">
                    <Coords points="487,1912 487,1972 514,1972 514,1912"/>
                    <TextEquiv>
                        <Unicode>im</Unicode>
                    </TextEquiv>
                </Word>
                <Word id="r_10_tl_33_w4" custom="readingOrder {index:3;}">
                    <Coords points="553,1909 553,1969 715,1969 715,1909"/>
                    <TextEquiv>
                        <Unicode>Gewissen</Unicode>
                    </TextEquiv>
                </Word>
                <Word id="r_10_tl_33_w5" custom="readingOrder {index:4;}">
                    <Coords points="754,1909 754,1969 971,1969 971,1909"/>
                    <TextEquiv>
                        <Unicode>verbunden,</Unicode>
                    </TextEquiv>
                </Word>
                <Word id="r_10_tl_33_w6" custom="readingOrder {index:5;}">
                    <Coords points="1000,1909 1000,1969 1055,1969 1055,1909"/>
                    <TextEquiv>
                        <Unicode>ihm</Unicode>
                    </TextEquiv>
                </Word>
                <Word id="r_10_tl_33_w7" custom="readingOrder {index:6;}">
                    <Coords points="1100,1909 1100,1969 1127,1969 1127,1909"/>
                    <TextEquiv>
                        <Unicode>zu</Unicode>
                    </TextEquiv>
                </Word>
                <Word id="r_10_tl_33_w8" custom="readingOrder {index:7;}">
                    <Coords points="1167,1909 1167,1969 1289,1969 1289,1909"/>
                    <TextEquiv>
                        <Unicode>helfen.</Unicode>
                    </TextEquiv>
                </Word>
                <TextEquiv>
                    <Unicode>fand mich im Gewissen verbunden, ihm zu helfen.</Unicode>
                </TextEquiv>
            </TextLine>
            <TextLine id="r_10_tl_34" custom="readingOrder {index:33;}">
                <Coords points="280,2004 1291,2014 1291,1968 1211,1958 280,1956"/>
                <Baseline points="295,2000 340,2003 385,2003 429,2003 474,2003 519,2003 564,2000 609,2000 653,2003 698,2003 743,2000 788,1997 832,2000 877,2000 922,2000 967,2000 1012,2003 1056,2000 1101,2000 1146,2000 1191,2000 1236,2000 1280,2003 1298,2006"/>
                <Word id="r_10_tl_34_w1" custom="readingOrder {index:0;}">
                    <Coords points="286,1961 286,2021 363,2021 363,1961"/>
                    <TextEquiv>
                        <Unicode>Mit</Unicode>
                    </TextEquiv>
                </Word>
                <Word id="r_10_tl_34_w2" custom="readingOrder {index:1;}">
                    <Coords points="386,1963 386,2023 497,2023 497,1963"/>
                    <TextEquiv>
                        <Unicode>großem</Unicode>
                    </TextEquiv>
                </Word>
                <Word id="r_10_tl_34_w3" custom="readingOrder {index:2;}">
                    <Coords points="542,1961 542,2021 714,2021 714,1961"/>
                    <TextEquiv>
                        <Unicode>Schrecken</Unicode>
                    </TextEquiv>
                </Word>
                <Word id="r_10_tl_34_w4" custom="readingOrder {index:3;}">
                    <Coords points="743,1958 743,2018 881,2018 881,1958"/>
                    <TextEquiv>
                        <Unicode>erblickte</Unicode>
                    </TextEquiv>
                </Word>
                <Word id="r_10_tl_34_w5" custom="readingOrder {index:4;}">
                    <Coords points="904,1960 904,2020 942,2020 942,1960"/>
                    <TextEquiv>
                        <Unicode>ich</Unicode>
                    </TextEquiv>
                </Word>
                <Word id="r_10_tl_34_w6" custom="readingOrder {index:5;}">
                    <Coords points="972,1961 972,2021 1093,2021 1093,1961"/>
                    <TextEquiv>
                        <Unicode>meinen</Unicode>
                    </TextEquiv>
                </Word>
                <Word id="r_10_tl_34_w7" custom="readingOrder {index:6;}">
                    <Coords points="1122,1960 1122,2020 1294,2020 1294,1960"/>
                    <TextEquiv>
                        <Unicode>Nachbar,</Unicode>
                    </TextEquiv>
                </Word>
                <TextEquiv>
                    <Unicode>Mit großem Schrecken erblickte ich meinen Nachbar,</Unicode>
                </TextEquiv>
            </TextLine>
            <TextLine id="r_10_tl_35" custom="readingOrder {index:34;}">
                <Coords points="275,2059 1253,2071 1293,2066 1296,2019 395,2026 278,1998"/>
                <Baseline points="292,2051 337,2054 382,2054 426,2054 471,2054 516,2054 561,2051 606,2051 650,2051 695,2054 740,2051 785,2051 829,2048 874,2048 919,2051 964,2051 1009,2051 1053,2048 1098,2051 1143,2048 1188,2051 1233,2051 1277,2051 1301,2051"/>
                <Word id="r_10_tl_35_w1" custom="readingOrder {index:0;}">
                    <Coords points="280,2012 280,2072 337,2072 337,2012"/>
                    <TextEquiv>
                        <Unicode>der</Unicode>
                    </TextEquiv>
                </Word>
                <Word id="r_10_tl_35_w2" custom="readingOrder {index:1;}">
                    <Coords points="363,2014 363,2074 420,2074 420,2014"/>
                    <TextEquiv>
                        <Unicode>mit</Unicode>
                    </TextEquiv>
                </Word>
                <Word id="r_10_tl_35_w3" custom="readingOrder {index:2;}">
                    <Coords points="441,2014 441,2074 492,2074 492,2014"/>
                    <TextEquiv>
                        <Unicode>dem</Unicode>
                    </TextEquiv>
                </Word>
                <Word id="r_10_tl_35_w4" custom="readingOrder {index:3;}">
                    <Coords points="529,2011 529,2071 613,2071 613,2011"/>
                    <TextEquiv>
                        <Unicode>Tode</Unicode>
                    </TextEquiv>
                </Word>
                <Word id="r_10_tl_35_w5" custom="readingOrder {index:4;}">
                    <Coords points="634,2013 634,2073 732,2073 732,2013"/>
                    <TextEquiv>
                        <Unicode>rang,</Unicode>
                    </TextEquiv>
                </Word>
                <Word id="r_10_tl_35_w6" custom="readingOrder {index:5;}">
                    <Coords points="743,2011 743,2071 800,2071 800,2011"/>
                    <TextEquiv>
                        <Unicode>und</Unicode>
                    </TextEquiv>
                </Word>
                <Word id="r_10_tl_35_w7" custom="readingOrder {index:6;}">
                    <Coords points="821,2008 821,2068 846,2068 846,2008"/>
                    <TextEquiv>
                        <Unicode>in</Unicode>
                    </TextEquiv>
                </Word>
                <Word id="r_10_tl_35_w8" custom="readingOrder {index:7;}">
                    <Coords points="868,2010 868,2070 967,2070 967,2010"/>
                    <TextEquiv>
                        <Unicode>seinem</Unicode>
                    </TextEquiv>
                </Word>
                <Word id="r_10_tl_35_w9" custom="readingOrder {index:8;}">
                    <Coords points="1004,2008 1004,2068 1086,2068 1086,2008"/>
                    <TextEquiv>
                        <Unicode>Blut</Unicode>
                    </TextEquiv>
                </Word>
                <Word id="r_10_tl_35_w10" custom="readingOrder {index:9;}">
                    <Coords points="1107,2011 1107,2071 1294,2071 1294,2011"/>
                    <TextEquiv>
                        <Unicode>schwamm.</Unicode>
                    </TextEquiv>
                </Word>
                <TextEquiv>
                    <Unicode>der mit dem Tode rang, und in seinem Blut schwamm.</Unicode>
                </TextEquiv>
            </TextLine>
            <TextLine id="r_10_tl_36" custom="readingOrder {index:35;}">
                <Coords points="275,2121 1291,2114 1268,2061 275,2061"/>
                <Baseline points="289,2107 313,2101 358,2098 403,2101 447,2101 492,2101 537,2101 582,2101 626,2101 671,2101 716,2101 761,2098 806,2098 850,2095 895,2095 940,2098 985,2098 1030,2098 1074,2098 1119,2098 1164,2098 1209,2095 1253,2098 1298,2095"/>
                <Word id="r_10_tl_36_w1" custom="readingOrder {index:0;}">
                    <Coords points="282,2060 282,2120 349,2120 349,2060"/>
                    <TextEquiv>
                        <Unicode>Ich</Unicode>
                    </TextEquiv>
                </Word>
                <Word id="r_10_tl_36_w2" custom="readingOrder {index:1;}">
                    <Coords points="373,2061 373,2121 468,2121 468,2061"/>
                    <TextEquiv>
                        <Unicode>suchte</Unicode>
                    </TextEquiv>
                </Word>
                <Word id="r_10_tl_36_w3" custom="readingOrder {index:2;}">
                    <Coords points="492,2061 492,2121 537,2121 537,2061"/>
                    <TextEquiv>
                        <Unicode>ihm</Unicode>
                    </TextEquiv>
                </Word>
                <Word id="r_10_tl_36_w4" custom="readingOrder {index:3;}">
                    <Coords points="577,2061 577,2121 816,2121 816,2061"/>
                    <TextEquiv>
                        <Unicode>beyzustehen,</Unicode>
                    </TextEquiv>
                </Word>
                <Word id="r_10_tl_36_w5" custom="readingOrder {index:4;}">
                    <Coords points="839,2055 839,2115 878,2115 878,2055"/>
                    <TextEquiv>
                        <Unicode>ich</Unicode>
                    </TextEquiv>
                </Word>
                <Word id="r_10_tl_36_w6" custom="readingOrder {index:5;}">
                    <Coords points="908,2058 908,2118 1032,2118 1032,2058"/>
                    <TextEquiv>
                        <Unicode>fragte,</Unicode>
                    </TextEquiv>
                </Word>
                <Word id="r_10_tl_36_w7" custom="readingOrder {index:6;}">
                    <Coords points="1055,2058 1055,2118 1117,2118 1117,2058"/>
                    <TextEquiv>
                        <Unicode>wer</Unicode>
                    </TextEquiv>
                </Word>
                <Word id="r_10_tl_36_w8" custom="readingOrder {index:7;}">
                    <Coords points="1146,2057 1146,2117 1197,2117 1197,2057"/>
                    <TextEquiv>
                        <Unicode>ihn</Unicode>
                    </TextEquiv>
                </Word>
                <Word id="r_10_tl_36_w9" custom="readingOrder {index:8;}">
                    <Coords points="1237,2057 1237,2117 1293,2117 1293,2057"/>
                    <TextEquiv>
                        <Unicode>an¬</Unicode>
                    </TextEquiv>
                </Word>
                <TextEquiv>
                    <Unicode>Ich suchte ihm beyzustehen, ich fragte, wer ihn an¬</Unicode>
                </TextEquiv>
            </TextLine>
            <TextLine id="r_10_tl_37" custom="readingOrder {index:36;}">
                <Coords points="280,2169 1291,2164 1291,2111 280,2121"/>
                <Baseline points="295,2155 313,2152 358,2152 403,2152 447,2152 492,2149 537,2149 582,2149 626,2149 671,2149 716,2149 761,2149 806,2149 850,2146 895,2146 940,2146 985,2146 1030,2143 1074,2146 1119,2146 1164,2146 1209,2146 1253,2149 1298,2149"/>
                <Word id="r_10_tl_37_w1" custom="readingOrder {index:0;}">
                    <Coords points="280,2112 280,2172 446,2172 446,2112"/>
                    <TextEquiv>
                        <Unicode>gefallen,</Unicode>
                    </TextEquiv>
                </Word>
                <Word id="r_10_tl_37_w2" custom="readingOrder {index:1;}">
                    <Coords points="472,2109 472,2169 544,2169 544,2109"/>
                    <TextEquiv>
                        <Unicode>aber</Unicode>
                    </TextEquiv>
                </Word>
                <Word id="r_10_tl_37_w3" custom="readingOrder {index:2;}">
                    <Coords points="571,2109 571,2169 602,2169 602,2109"/>
                    <TextEquiv>
                        <Unicode>er</Unicode>
                    </TextEquiv>
                </Word>
                <Word id="r_10_tl_37_w4" custom="readingOrder {index:3;}">
                    <Coords points="628,2109 628,2169 742,2169 742,2109"/>
                    <TextEquiv>
                        <Unicode>konnte</Unicode>
                    </TextEquiv>
                </Word>
                <Word id="r_10_tl_37_w5" custom="readingOrder {index:4;}">
                    <Coords points="764,2109 764,2169 847,2169 847,2109"/>
                    <TextEquiv>
                        <Unicode>nicht</Unicode>
                    </TextEquiv>
                </Word>
                <Word id="r_10_tl_37_w6" custom="readingOrder {index:5;}">
                    <Coords points="863,2106 863,2166 972,2166 972,2106"/>
                    <TextEquiv>
                        <Unicode>reden.</Unicode>
                    </TextEquiv>
                </Word>
                <Word id="r_10_tl_37_w7" custom="readingOrder {index:6;}">
                    <Coords points="1045,2106 1045,2166 1180,2166 1180,2106"/>
                    <TextEquiv>
                        <Unicode>Endlich</Unicode>
                    </TextEquiv>
                </Word>
                <Word id="r_10_tl_37_w8" custom="readingOrder {index:7;}">
                    <Coords points="1206,2108 1206,2168 1289,2168 1289,2108"/>
                    <TextEquiv>
                        <Unicode>warf</Unicode>
                    </TextEquiv>
                </Word>
                <TextEquiv>
                    <Unicode>gefallen, aber er konnte nicht reden. Endlich warf</Unicode>
                </TextEquiv>
            </TextLine>
            <TextLine id="r_10_tl_38" custom="readingOrder {index:37;}">
                <Coords points="278,2204 1288,2206 1288,2164 1248,2156 278,2164"/>
                <Baseline points="292,2197 337,2200 382,2200 426,2200 471,2197 516,2200 561,2197 606,2197 650,2197 695,2197 740,2197 785,2197 829,2194 874,2197 919,2194 964,2194 1009,2197 1053,2197 1098,2197 1143,2197 1188,2200 1233,2197 1277,2200 1295,2197"/>
                <Word id="r_10_tl_38_w1" custom="readingOrder {index:0;}">
                    <Coords points="283,2157 283,2217 319,2217 319,2157"/>
                    <TextEquiv>
                        <Unicode>er</Unicode>
                    </TextEquiv>
                </Word>
                <Word id="r_10_tl_38_w2" custom="readingOrder {index:1;}">
                    <Coords points="340,2160 340,2220 396,2220 396,2160"/>
                    <TextEquiv>
                        <Unicode>mit</Unicode>
                    </TextEquiv>
                </Word>
                <Word id="r_10_tl_38_w3" custom="readingOrder {index:2;}">
                    <Coords points="418,2157 418,2217 500,2217 500,2157"/>
                    <TextEquiv>
                        <Unicode>einem</Unicode>
                    </TextEquiv>
                </Word>
                <Word id="r_10_tl_38_w4" custom="readingOrder {index:3;}">
                    <Coords points="547,2157 547,2217 639,2217 639,2157"/>
                    <TextEquiv>
                        <Unicode>tiefen</Unicode>
                    </TextEquiv>
                </Word>
                <Word id="r_10_tl_38_w5" custom="readingOrder {index:4;}">
                    <Coords points="671,2157 671,2217 815,2217 815,2157"/>
                    <TextEquiv>
                        <Unicode>Seufzer</Unicode>
                    </TextEquiv>
                </Word>
                <Word id="r_10_tl_38_w6" custom="readingOrder {index:5;}">
                    <Coords points="842,2156 842,2216 924,2216 924,2156"/>
                    <TextEquiv>
                        <Unicode>einen</Unicode>
                    </TextEquiv>
                </Word>
                <Word id="r_10_tl_38_w7" custom="readingOrder {index:6;}">
                    <Coords points="955,2157 955,2217 1063,2217 1063,2157"/>
                    <TextEquiv>
                        <Unicode>Strom</Unicode>
                    </TextEquiv>
                </Word>
                <Word id="r_10_tl_38_w8" custom="readingOrder {index:7;}">
                    <Coords points="1111,2157 1111,2217 1167,2217 1167,2157"/>
                    <TextEquiv>
                        <Unicode>von</Unicode>
                    </TextEquiv>
                </Word>
                <Word id="r_10_tl_38_w9" custom="readingOrder {index:8;}">
                    <Coords points="1199,2157 1199,2217 1286,2217 1286,2157"/>
                    <TextEquiv>
                        <Unicode>Blut</Unicode>
                    </TextEquiv>
                </Word>
                <TextEquiv>
                    <Unicode>er mit einem tiefen Seufzer einen Strom von Blut</Unicode>
                </TextEquiv>
            </TextLine>
            <TextLine id="r_10_tl_39" custom="readingOrder {index:38;}">
                <Coords points="278,2254 1288,2264 1288,2206 278,2204"/>
                <Baseline points="292,2245 337,2248 382,2248 426,2248 471,2248 516,2248 561,2245 606,2245 650,2245 695,2245 740,2245 785,2245 829,2242 874,2242 919,2242 964,2245 1009,2245 1053,2245 1098,2245 1143,2245 1188,2248 1233,2245 1277,2248 1295,2245"/>
                <Word id="r_10_tl_39_w1" custom="readingOrder {index:0;}">
                    <Coords points="283,2207 283,2267 375,2267 375,2207"/>
                    <TextEquiv>
                        <Unicode>aus,</Unicode>
                    </TextEquiv>
                </Word>
                <Word id="r_10_tl_39_w2" custom="readingOrder {index:1;}">
                    <Coords points="402,2208 402,2268 453,2268 453,2208"/>
                    <TextEquiv>
                        <Unicode>der</Unicode>
                    </TextEquiv>
                </Word>
                <Word id="r_10_tl_39_w3" custom="readingOrder {index:2;}">
                    <Coords points="474,2208 474,2268 546,2268 546,2208"/>
                    <TextEquiv>
                        <Unicode>mich</Unicode>
                    </TextEquiv>
                </Word>
                <Word id="r_10_tl_39_w4" custom="readingOrder {index:3;}">
                    <Coords points="577,2205 577,2265 872,2265 872,2205"/>
                    <TextEquiv>
                        <Unicode>überschwemmete</Unicode>
                    </TextEquiv>
                </Word>
                <Word id="r_10_tl_39_w5" custom="readingOrder {index:4;}">
                    <Coords points="904,2202 904,2262 960,2262 960,2202"/>
                    <TextEquiv>
                        <Unicode>und</Unicode>
                    </TextEquiv>
                </Word>
                <Word id="r_10_tl_39_w6" custom="readingOrder {index:5;}">
                    <Coords points="997,2205 997,2265 1167,2265 1167,2205"/>
                    <TextEquiv>
                        <Unicode>verschied.</Unicode>
                    </TextEquiv>
                </Word>
                <Word id="r_10_tl_39_w7" custom="readingOrder {index:6;}">
                    <Coords points="1219,2206 1219,2266 1281,2266 1281,2206"/>
                    <TextEquiv>
                        <Unicode>Ich</Unicode>
                    </TextEquiv>
                </Word>
                <TextEquiv>
                    <Unicode>aus, der mich überschwemmete und verschied. Ich</Unicode>
                </TextEquiv>
            </TextLine>
            <TextLine id="r_10_tl_40" custom="readingOrder {index:39;}">
                <Coords points="290,2311 1283,2306 1283,2264 1231,2256 290,2256"/>
                <Baseline points="304,2292 349,2292 394,2292 438,2292 483,2295 528,2292 573,2289 618,2292 662,2289 707,2292 752,2292 797,2292 841,2289 886,2292 931,2292 976,2295 1021,2292 1065,2292 1110,2295 1155,2295 1200,2295 1244,2295 1289,2295"/>
                <Word id="r_10_tl_40_w1" custom="readingOrder {index:0;}">
                    <Coords points="290,2252 290,2312 361,2312 361,2252"/>
                    <TextEquiv>
                        <Unicode>sahe</Unicode>
                    </TextEquiv>
                </Word>
                <Word id="r_10_tl_40_w2" custom="readingOrder {index:1;}">
                    <Coords points="393,2254 393,2314 547,2314 547,2254"/>
                    <TextEquiv>
                        <Unicode>voraus,</Unicode>
                    </TextEquiv>
                </Word>
                <Word id="r_10_tl_40_w3" custom="readingOrder {index:2;}">
                    <Coords points="579,2251 579,2311 630,2311 630,2251"/>
                    <TextEquiv>
                        <Unicode>der</Unicode>
                    </TextEquiv>
                </Word>
                <Word id="r_10_tl_40_w4" custom="readingOrder {index:3;}">
                    <Coords points="667,2252 667,2312 832,2312 832,2252"/>
                    <TextEquiv>
                        <Unicode>Argwohn</Unicode>
                    </TextEquiv>
                </Word>
                <Word id="r_10_tl_40_w5" custom="readingOrder {index:4;}">
                    <Coords points="874,2252 874,2312 987,2312 987,2252"/>
                    <TextEquiv>
                        <Unicode>könnte</Unicode>
                    </TextEquiv>
                </Word>
                <Word id="r_10_tl_40_w6" custom="readingOrder {index:5;}">
                    <Coords points="1023,2252 1023,2312 1131,2312 1131,2252"/>
                    <TextEquiv>
                        <Unicode>wegen</Unicode>
                    </TextEquiv>
                </Word>
                <Word id="r_10_tl_40_w7" custom="readingOrder {index:6;}">
                    <Coords points="1168,2255 1168,2315 1281,2315 1281,2255"/>
                    <TextEquiv>
                        <Unicode>unsres</Unicode>
                    </TextEquiv>
                </Word>
                <TextEquiv>
                    <Unicode>sahe voraus, der Argwohn könnte wegen unsres</Unicode>
                </TextEquiv>
            </TextLine>
            <TextLine id="r_10_tl_41" custom="readingOrder {index:40;}">
                <Coords points="278,2351 1288,2354 1288,2306 278,2301"/>
                <Baseline points="292,2340 337,2340 382,2337 426,2340 471,2340 516,2337 561,2337 606,2337 650,2337 695,2337 740,2340 785,2337 829,2340 874,2340 919,2340 964,2343 1009,2346 1053,2346 1098,2346 1143,2343 1188,2343 1233,2346 1277,2346 1295,2346"/>
                <Word id="r_10_tl_41_w1" custom="readingOrder {index:0;}">
                    <Coords points="284,2298 284,2358 423,2358 423,2298"/>
                    <TextEquiv>
                        <Unicode>Streits</Unicode>
                    </TextEquiv>
                </Word>
                <Word id="r_10_tl_41_w2" custom="readingOrder {index:1;}">
                    <Coords points="452,2299 452,2359 507,2359 507,2299"/>
                    <TextEquiv>
                        <Unicode>auf</Unicode>
                    </TextEquiv>
                </Word>
                <Word id="r_10_tl_41_w3" custom="readingOrder {index:2;}">
                    <Coords points="530,2297 530,2357 602,2357 602,2297"/>
                    <TextEquiv>
                        <Unicode>mich</Unicode>
                    </TextEquiv>
                </Word>
                <Word id="r_10_tl_41_w4" custom="readingOrder {index:3;}">
                    <Coords points="625,2297 625,2357 742,2357 742,2297"/>
                    <TextEquiv>
                        <Unicode>fallen.</Unicode>
                    </TextEquiv>
                </Word>
                <Word id="r_10_tl_41_w5" custom="readingOrder {index:4;}">
                    <Coords points="793,2299 793,2359 854,2359 854,2299"/>
                    <TextEquiv>
                        <Unicode>Ich</Unicode>
                    </TextEquiv>
                </Word>
                <Word id="r_10_tl_41_w6" custom="readingOrder {index:5;}">
                    <Coords points="889,2300 889,2360 944,2360 944,2300"/>
                    <TextEquiv>
                        <Unicode>floh</Unicode>
                    </TextEquiv>
                </Word>
                <Word id="r_10_tl_41_w7" custom="readingOrder {index:6;}">
                    <Coords points="978,2305 978,2365 1039,2365 1039,2305"/>
                    <TextEquiv>
                        <Unicode>also</Unicode>
                    </TextEquiv>
                </Word>
                <Word id="r_10_tl_41_w8" custom="readingOrder {index:7;}">
                    <Coords points="1068,2303 1068,2363 1201,2363 1201,2303"/>
                    <TextEquiv>
                        <Unicode>davon,</Unicode>
                    </TextEquiv>
                </Word>
                <Word id="r_10_tl_41_w9" custom="readingOrder {index:8;}">
                    <Coords points="1224,2306 1224,2366 1285,2366 1285,2306"/>
                    <TextEquiv>
                        <Unicode>und</Unicode>
                    </TextEquiv>
                </Word>
                <TextEquiv>
                    <Unicode>Streits auf mich fallen. Ich floh also davon, und</Unicode>
                </TextEquiv>
            </TextLine>
            <TextLine id="r_10_tl_42" custom="readingOrder {index:41;}">
                <Coords points="278,2406 1288,2404 1288,2354 1221,2349 278,2344"/>
                <Baseline points="292,2391 337,2391 382,2391 426,2388 471,2388 516,2388 561,2388 606,2388 650,2385 695,2388 740,2385 785,2388 829,2385 874,2388 919,2391 964,2394 1009,2394 1053,2394 1098,2394 1143,2394 1188,2394 1233,2394 1277,2397 1292,2394"/>
                <Word id="r_10_tl_42_w1" custom="readingOrder {index:0;}">
                    <Coords points="284,2351 284,2411 311,2411 311,2351"/>
                    <TextEquiv>
                        <Unicode>in</Unicode>
                    </TextEquiv>
                </Word>
                <Word id="r_10_tl_42_w2" custom="readingOrder {index:1;}">
                    <Coords points="339,2351 339,2411 387,2411 387,2351"/>
                    <TextEquiv>
                        <Unicode>der</Unicode>
                    </TextEquiv>
                </Word>
                <Word id="r_10_tl_42_w3" custom="readingOrder {index:2;}">
                    <Coords points="415,2348 415,2408 634,2408 634,2348"/>
                    <TextEquiv>
                        <Unicode>Verwirrung</Unicode>
                    </TextEquiv>
                </Word>
                <Word id="r_10_tl_42_w4" custom="readingOrder {index:3;}">
                    <Coords points="662,2346 662,2406 765,2406 765,2346"/>
                    <TextEquiv>
                        <Unicode>ergrif</Unicode>
                    </TextEquiv>
                </Word>
                <Word id="r_10_tl_42_w5" custom="readingOrder {index:4;}">
                    <Coords points="783,2346 783,2406 820,2406 820,2346"/>
                    <TextEquiv>
                        <Unicode>ich</Unicode>
                    </TextEquiv>
                </Word>
                <Word id="r_10_tl_42_w6" custom="readingOrder {index:5;}">
                    <Coords points="848,2348 848,2408 924,2408 924,2348"/>
                    <TextEquiv>
                        <Unicode>seine</Unicode>
                    </TextEquiv>
                </Word>
                <Word id="r_10_tl_42_w7" custom="readingOrder {index:6;}">
                    <Coords points="946,2354 946,2414 1121,2414 1121,2354"/>
                    <TextEquiv>
                        <Unicode>Heugabel</Unicode>
                    </TextEquiv>
                </Word>
                <Word id="r_10_tl_42_w8" custom="readingOrder {index:7;}">
                    <Coords points="1144,2354 1144,2414 1214,2414 1214,2354"/>
                    <TextEquiv>
                        <Unicode>statt</Unicode>
                    </TextEquiv>
                </Word>
                <Word id="r_10_tl_42_w9" custom="readingOrder {index:8;}">
                    <Coords points="1237,2355 1237,2415 1285,2415 1285,2355"/>
                    <TextEquiv>
                        <Unicode>der</Unicode>
                    </TextEquiv>
                </Word>
                <TextEquiv>
                    <Unicode>in der Verwirrung ergrif ich seine Heugabel statt der</Unicode>
                </TextEquiv>
            </TextLine>
            <TextLine id="r_10_tl_43" custom="readingOrder {index:42;}">
                <Coords points="278,2451 1288,2466 1286,2404 275,2404"/>
                <Baseline points="292,2439 337,2439 382,2439 426,2439 471,2439 516,2436 561,2436 606,2436 650,2436 695,2436 740,2436 785,2436 829,2436 874,2439 919,2439 964,2442 1009,2442 1053,2442 1098,2445 1143,2442 1188,2442 1233,2442 1277,2445 1295,2448"/>
                <Word id="r_10_tl_43_w1" custom="readingOrder {index:0;}">
                    <Coords points="281,2399 281,2459 466,2459 466,2399"/>
                    <TextEquiv>
                        <Unicode>meinigen.</Unicode>
                    </TextEquiv>
                </Word>
                <Word id="r_10_tl_43_w2" custom="readingOrder {index:1;}">
                    <Coords points="517,2396 517,2456 589,2456 589,2396"/>
                    <TextEquiv>
                        <Unicode>Aus</Unicode>
                    </TextEquiv>
                </Word>
                <Word id="r_10_tl_43_w3" custom="readingOrder {index:2;}">
                    <Coords points="618,2396 618,2456 752,2456 752,2396"/>
                    <TextEquiv>
                        <Unicode>gleicher</Unicode>
                    </TextEquiv>
                </Word>
                <Word id="r_10_tl_43_w4" custom="readingOrder {index:3;}">
                    <Coords points="775,2399 775,2459 1033,2459 1033,2399"/>
                    <TextEquiv>
                        <Unicode>Bewegursache</Unicode>
                    </TextEquiv>
                </Word>
                <Word id="r_10_tl_43_w5" custom="readingOrder {index:4;}">
                    <Coords points="1061,2402 1061,2462 1218,2462 1218,2402"/>
                    <TextEquiv>
                        <Unicode>wechselte</Unicode>
                    </TextEquiv>
                </Word>
                <Word id="r_10_tl_43_w6" custom="readingOrder {index:5;}">
                    <Coords points="1247,2404 1247,2464 1285,2464 1285,2404"/>
                    <TextEquiv>
                        <Unicode>ich</Unicode>
                    </TextEquiv>
                </Word>
                <TextEquiv>
                    <Unicode>meinigen. Aus gleicher Bewegursache wechselte ich</Unicode>
                </TextEquiv>
            </TextLine>
            <TextLine id="r_10_tl_44" custom="readingOrder {index:43;}">
                <Coords points="278,2494 1266,2514 1288,2466 275,2454"/>
                <Baseline points="292,2489 337,2489 382,2486 426,2489 471,2486 516,2486 561,2486 606,2483 650,2483 695,2483 740,2483 785,2483 829,2486 874,2486 919,2489 964,2489 1009,2489 1053,2495 1098,2495 1143,2495 1188,2495 1233,2495 1277,2495 1298,2495"/>
                <Word id="r_10_tl_44_w1" custom="readingOrder {index:0;}">
                    <Coords points="282,2449 282,2509 332,2509 332,2449"/>
                    <TextEquiv>
                        <Unicode>die</Unicode>
                    </TextEquiv>
                </Word>
                <Word id="r_10_tl_44_w2" custom="readingOrder {index:1;}">
                    <Coords points="362,2447 362,2507 521,2507 521,2447"/>
                    <TextEquiv>
                        <Unicode>Kleider,</Unicode>
                    </TextEquiv>
                </Word>
                <Word id="r_10_tl_44_w3" custom="readingOrder {index:2;}">
                    <Coords points="550,2443 550,2503 687,2503 687,2443"/>
                    <TextEquiv>
                        <Unicode>verbarg</Unicode>
                    </TextEquiv>
                </Word>
                <Word id="r_10_tl_44_w4" custom="readingOrder {index:3;}">
                    <Coords points="716,2443 716,2503 773,2503 773,2443"/>
                    <TextEquiv>
                        <Unicode>das</Unicode>
                    </TextEquiv>
                </Word>
                <Word id="r_10_tl_44_w5" custom="readingOrder {index:4;}">
                    <Coords points="802,2448 802,2508 1008,2508 1008,2448"/>
                    <TextEquiv>
                        <Unicode>besprützte,</Unicode>
                    </TextEquiv>
                </Word>
                <Word id="r_10_tl_44_w6" custom="readingOrder {index:5;}">
                    <Coords points="1043,2455 1043,2515 1105,2515 1105,2455"/>
                    <TextEquiv>
                        <Unicode>und</Unicode>
                    </TextEquiv>
                </Word>
                <Word id="r_10_tl_44_w7" custom="readingOrder {index:6;}">
                    <Coords points="1134,2455 1134,2515 1288,2515 1288,2455"/>
                    <TextEquiv>
                        <Unicode>läugnete</Unicode>
                    </TextEquiv>
                </Word>
                <TextEquiv>
                    <Unicode>die Kleider, verbarg das besprützte, und läugnete</Unicode>
                </TextEquiv>
            </TextLine>
            <TextLine id="r_10_tl_45" custom="readingOrder {index:44;}">
                <Coords points="280,2541 1286,2554 1283,2511 1238,2501 280,2499"/>
                <Baseline points="295,2534 340,2537 385,2537 429,2537 474,2537 519,2537 564,2537 609,2537 653,2534 698,2531 743,2531 788,2531 832,2534 877,2534 922,2540 967,2540 1012,2540 1056,2540 1101,2543 1146,2543 1191,2543 1236,2543 1280,2543 1292,2543"/>
                <Word id="r_10_tl_45_w1" custom="readingOrder {index:0;}">
                    <Coords points="287,2497 287,2557 444,2557 444,2497"/>
                    <TextEquiv>
                        <Unicode>ebenfalls</Unicode>
                    </TextEquiv>
                </Word>
                <Word id="r_10_tl_45_w2" custom="readingOrder {index:1;}">
                    <Coords points="479,2497 479,2557 537,2557 537,2497"/>
                    <TextEquiv>
                        <Unicode>aus</Unicode>
                    </TextEquiv>
                </Word>
                <Word id="r_10_tl_45_w3" custom="readingOrder {index:2;}">
                    <Coords points="560,2496 560,2556 677,2556 677,2496"/>
                    <TextEquiv>
                        <Unicode>Furcht</Unicode>
                    </TextEquiv>
                </Word>
                <Word id="r_10_tl_45_w4" custom="readingOrder {index:3;}">
                    <Coords points="706,2491 706,2551 764,2551 764,2491"/>
                    <TextEquiv>
                        <Unicode>vor</Unicode>
                    </TextEquiv>
                </Word>
                <Word id="r_10_tl_45_w5" custom="readingOrder {index:4;}">
                    <Coords points="794,2493 794,2553 846,2553 846,2493"/>
                    <TextEquiv>
                        <Unicode>dem</Unicode>
                    </TextEquiv>
                </Word>
                <Word id="r_10_tl_45_w6" custom="readingOrder {index:5;}">
                    <Coords points="893,2500 893,2560 1044,2560 1044,2500"/>
                    <TextEquiv>
                        <Unicode>Richter,</Unicode>
                    </TextEquiv>
                </Word>
                <Word id="r_10_tl_45_w7" custom="readingOrder {index:6;}">
                    <Coords points="1073,2502 1073,2562 1126,2562 1126,2502"/>
                    <TextEquiv>
                        <Unicode>daß</Unicode>
                    </TextEquiv>
                </Word>
                <Word id="r_10_tl_45_w8" custom="readingOrder {index:7;}">
                    <Coords points="1155,2503 1155,2563 1195,2563 1195,2503"/>
                    <TextEquiv>
                        <Unicode>ich</Unicode>
                    </TextEquiv>
                </Word>
                <Word id="r_10_tl_45_w9" custom="readingOrder {index:8;}">
                    <Coords points="1231,2503 1231,2563 1282,2563 1282,2503"/>
                    <TextEquiv>
                        <Unicode>den</Unicode>
                    </TextEquiv>
                </Word>
                <TextEquiv>
                    <Unicode>ebenfalls aus Furcht vor dem Richter, daß ich den</Unicode>
                </TextEquiv>
            </TextLine>
            <TextLine id="r_10_tl_46" custom="readingOrder {index:45;}">
                <Coords points="288,2594 1286,2606 1286,2551 288,2549"/>
                <Baseline points="301,2585 346,2588 391,2588 435,2585 480,2588 525,2588 570,2588 615,2585 659,2585 704,2582 749,2582 794,2582 838,2582 883,2582 928,2585 973,2588 1018,2591 1062,2591 1107,2594 1152,2594 1197,2591 1241,2594 1286,2597 1292,2597"/>
                <Word id="r_10_tl_46_w1" custom="readingOrder {index:0;}">
                    <Coords points="294,2546 294,2606 363,2606 363,2546"/>
                    <TextEquiv>
                        <Unicode>Tag</Unicode>
                    </TextEquiv>
                </Word>
                <Word id="r_10_tl_46_w2" custom="readingOrder {index:1;}">
                    <Coords points="391,2545 391,2605 466,2605 466,2545"/>
                    <TextEquiv>
                        <Unicode>über</Unicode>
                    </TextEquiv>
                </Word>
                <Word id="r_10_tl_46_w3" custom="readingOrder {index:2;}">
                    <Coords points="488,2548 488,2608 531,2608 531,2548"/>
                    <TextEquiv>
                        <Unicode>ein</Unicode>
                    </TextEquiv>
                </Word>
                <Word id="r_10_tl_46_w4" custom="readingOrder {index:3;}">
                    <Coords points="559,2545 559,2605 704,2605 704,2545"/>
                    <TextEquiv>
                        <Unicode>andres,</Unicode>
                    </TextEquiv>
                </Word>
                <Word id="r_10_tl_46_w5" custom="readingOrder {index:4;}">
                    <Coords points="732,2542 732,2602 780,2602 780,2542"/>
                    <TextEquiv>
                        <Unicode>als</Unicode>
                    </TextEquiv>
                </Word>
                <Word id="r_10_tl_46_w6" custom="readingOrder {index:5;}">
                    <Coords points="813,2542 813,2602 877,2602 877,2542"/>
                    <TextEquiv>
                        <Unicode>was</Unicode>
                    </TextEquiv>
                </Word>
                <Word id="r_10_tl_46_w7" custom="readingOrder {index:6;}">
                    <Coords points="905,2544 905,2604 948,2604 948,2544"/>
                    <TextEquiv>
                        <Unicode>ich</Unicode>
                    </TextEquiv>
                </Word>
                <Word id="r_10_tl_46_w8" custom="readingOrder {index:7;}">
                    <Coords points="981,2551 981,2611 1110,2611 1110,2551"/>
                    <TextEquiv>
                        <Unicode>damals</Unicode>
                    </TextEquiv>
                </Word>
                <Word id="r_10_tl_46_w9" custom="readingOrder {index:8;}">
                    <Coords points="1144,2552 1144,2612 1289,2612 1289,2552"/>
                    <TextEquiv>
                        <Unicode>anhatte,</Unicode>
                    </TextEquiv>
                </Word>
                <TextEquiv>
                    <Unicode>Tag über ein andres, als was ich damals anhatte,</Unicode>
                </TextEquiv>
            </TextLine>
            <TextLine id="r_10_tl_47" custom="readingOrder {index:46;}">
                <Coords points="285,2651 1286,2654 1268,2601 720,2584 485,2619 285,2591"/>
                <Baseline points="298,2639 343,2639 388,2636 432,2639 477,2636 522,2639 567,2636 612,2633 656,2633 701,2633 746,2630 791,2630 835,2630 880,2630 925,2636 970,2636 1015,2639 1059,2639 1104,2639 1149,2642 1194,2645 1238,2642 1283,2642 1292,2642"/>
                <Word id="r_10_tl_47_w1" custom="readingOrder {index:0;}">
                    <Coords points="287,2596 287,2656 461,2656 461,2596"/>
                    <TextEquiv>
                        <Unicode>getragen.</Unicode>
                    </TextEquiv>
                </Word>
                <Word id="r_10_tl_47_w2" custom="readingOrder {index:1;}">
                    <Coords points="510,2597 510,2657 594,2657 594,2597"/>
                    <TextEquiv>
                        <Unicode>Das</Unicode>
                    </TextEquiv>
                </Word>
                <Word id="r_10_tl_47_w3" custom="readingOrder {index:2;}">
                    <Coords points="625,2593 625,2653 666,2653 666,2593"/>
                    <TextEquiv>
                        <Unicode>ist</Unicode>
                    </TextEquiv>
                </Word>
                <Word id="r_10_tl_47_w4" custom="readingOrder {index:3;}">
                    <Coords points="697,2591 697,2651 745,2651 745,2591"/>
                    <TextEquiv>
                        <Unicode>die</Unicode>
                    </TextEquiv>
                </Word>
                <Word id="r_10_tl_47_w5" custom="readingOrder {index:4;}">
                    <Coords points="776,2590 776,2650 866,2650 866,2590"/>
                    <TextEquiv>
                        <Unicode>reine</Unicode>
                    </TextEquiv>
                </Word>
                <Word id="r_10_tl_47_w6" custom="readingOrder {index:5;}">
                    <Coords points="897,2597 897,2657 1095,2657 1095,2597"/>
                    <TextEquiv>
                        <Unicode>Wahrheit,</Unicode>
                    </TextEquiv>
                </Word>
                <Word id="r_10_tl_47_w7" custom="readingOrder {index:6;}">
                    <Coords points="1126,2602 1126,2662 1174,2662 1174,2602"/>
                    <TextEquiv>
                        <Unicode>ich</Unicode>
                    </TextEquiv>
                </Word>
                <Word id="r_10_tl_47_w8" custom="readingOrder {index:7;}">
                    <Coords points="1205,2602 1205,2662 1288,2662 1288,2602"/>
                    <TextEquiv>
                        <Unicode>habe</Unicode>
                    </TextEquiv>
                </Word>
                <TextEquiv>
                    <Unicode>getragen. Das ist die reine Wahrheit, ich habe</Unicode>
                </TextEquiv>
            </TextLine>
            <TextLine id="r_10_tl_48" custom="readingOrder {index:47;}">
                <Coords points="280,2699 1298,2706 1298,2651 1201,2674 1116,2641 280,2651"/>
                <Baseline points="295,2686 340,2686 385,2683 429,2686 474,2686 519,2686 564,2686 609,2689 653,2686 698,2686 743,2683 788,2683 832,2681 877,2683 922,2683 967,2686 1012,2689 1056,2692 1101,2692 1146,2692 1191,2692 1236,2689 1280,2689 1304,2686"/>
                <Word id="r_10_tl_48_w1" custom="readingOrder {index:0;}">
                    <Coords points="288,2646 288,2706 372,2706 372,2646"/>
                    <TextEquiv>
                        <Unicode>keine</Unicode>
                    </TextEquiv>
                </Word>
                <Word id="r_10_tl_48_w2" custom="readingOrder {index:1;}">
                    <Coords points="409,2646 409,2706 511,2706 511,2646"/>
                    <TextEquiv>
                        <Unicode>andre</Unicode>
                    </TextEquiv>
                </Word>
                <Word id="r_10_tl_48_w3" custom="readingOrder {index:2;}">
                    <Coords points="543,2647 543,2707 711,2707 711,2647"/>
                    <TextEquiv>
                        <Unicode>Zeugen,</Unicode>
                    </TextEquiv>
                </Word>
                <Word id="r_10_tl_48_w4" custom="readingOrder {index:3;}">
                    <Coords points="754,2643 754,2703 809,2703 809,2643"/>
                    <TextEquiv>
                        <Unicode>als</Unicode>
                    </TextEquiv>
                </Word>
                <Word id="r_10_tl_48_w5" custom="readingOrder {index:4;}">
                    <Coords points="846,2643 846,2703 948,2703 948,2643"/>
                    <TextEquiv>
                        <Unicode>GOtt</Unicode>
                    </TextEquiv>
                </Word>
                <Word id="r_10_tl_48_w6" custom="readingOrder {index:5;}">
                    <Coords points="985,2649 985,2709 1045,2709 1045,2649"/>
                    <TextEquiv>
                        <Unicode>und</Unicode>
                    </TextEquiv>
                </Word>
                <Word id="r_10_tl_48_w7" custom="readingOrder {index:6;}">
                    <Coords points="1089,2652 1089,2712 1173,2712 1173,2652"/>
                    <TextEquiv>
                        <Unicode>mein</Unicode>
                    </TextEquiv>
                </Word>
                <Word id="r_10_tl_48_w8" custom="readingOrder {index:7;}">
                    <Coords points="1216,2649 1216,2709 1294,2709 1294,2649"/>
                    <TextEquiv>
                        <Unicode>Ge¬</Unicode>
                    </TextEquiv>
                </Word>
                <TextEquiv>
                    <Unicode>keine andre Zeugen, als GOtt und mein Ge¬</Unicode>
                </TextEquiv>
            </TextLine>
            <TextLine id="r_10_tl_49" custom="readingOrder {index:48;}">
                <Coords points="273,2744 288,2744 300,2756 323,2756 345,2746 375,2744 395,2754 413,2746 430,2751 465,2736 485,2739 485,2699 460,2696 433,2711 393,2696 273,2696"/>
                <Baseline points="286,2734 313,2734 358,2731 403,2734 447,2731 492,2728"/>
                <Word id="r_10_tl_49_w1" custom="readingOrder {index:0;}">
                    <Coords points="284,2691 284,2751 423,2751 423,2691"/>
                    <TextEquiv>
                        <Unicode>wissen.</Unicode>
                    </TextEquiv>
                </Word>
                <Word id="r_10_tl_49_w2" custom="readingOrder {index:1;}">
                    <Coords points="451,2690 451,2750 461,2750 461,2690"/>
                    <TextEquiv>
                        <Unicode>—</Unicode>
                    </TextEquiv>
                </Word>
                <TextEquiv>
                    <Unicode>wissen. —</Unicode>
                </TextEquiv>
            </TextLine>
            <TextLine id="r_10_tl_50" custom="readingOrder {index:49;}">
                <Coords points="330,2784 1276,2809 1288,2734 328,2744"/>
                <Baseline points="343,2782 388,2782 432,2782 477,2782 522,2782 567,2782 612,2782 656,2782 701,2782 746,2779 791,2779 835,2776 880,2776 925,2776 970,2782 1015,2782 1059,2788 1104,2788 1149,2788 1194,2788 1238,2788 1283,2788 1298,2785"/>
                <Word id="r_10_tl_50_w1" custom="readingOrder {index:0;}">
                    <Coords points="335,2742 335,2802 410,2802 410,2742"/>
                    <TextEquiv>
                        <Unicode>Der</Unicode>
                    </TextEquiv>
                </Word>
                <Word id="r_10_tl_50_w2" custom="readingOrder {index:1;}">
                    <Coords points="428,2742 428,2802 660,2802 660,2742"/>
                    <TextEquiv>
                        <Unicode>Oberrichter,</Unicode>
                    </TextEquiv>
                </Word>
                <Word id="r_10_tl_50_w3" custom="readingOrder {index:2;}">
                    <Coords points="684,2741 684,2801 735,2801 735,2741"/>
                    <TextEquiv>
                        <Unicode>der</Unicode>
                    </TextEquiv>
                </Word>
                <Word id="r_10_tl_50_w4" custom="readingOrder {index:3;}">
                    <Coords points="759,2738 759,2798 846,2798 846,2738"/>
                    <TextEquiv>
                        <Unicode>wohl</Unicode>
                    </TextEquiv>
                </Word>
                <Word id="r_10_tl_50_w5" custom="readingOrder {index:4;}">
                    <Coords points="870,2737 870,2797 997,2797 997,2737"/>
                    <TextEquiv>
                        <Unicode>wußte,</Unicode>
                    </TextEquiv>
                </Word>
                <Word id="r_10_tl_50_w6" custom="readingOrder {index:5;}">
                    <Coords points="1027,2747 1027,2807 1084,2807 1084,2747"/>
                    <TextEquiv>
                        <Unicode>daß</Unicode>
                    </TextEquiv>
                </Word>
                <Word id="r_10_tl_50_w7" custom="readingOrder {index:6;}">
                    <Coords points="1114,2748 1114,2808 1194,2808 1194,2748"/>
                    <TextEquiv>
                        <Unicode>jeder</Unicode>
                    </TextEquiv>
                </Word>
                <Word id="r_10_tl_50_w8" custom="readingOrder {index:7;}">
                    <Coords points="1218,2748 1218,2808 1287,2808 1287,2748"/>
                    <TextEquiv>
                        <Unicode>Bö¬</Unicode>
                    </TextEquiv>
                </Word>
                <TextEquiv>
                    <Unicode>Der Oberrichter, der wohl wußte, daß jeder Bö¬</Unicode>
                </TextEquiv>
            </TextLine>
            <TextLine id="r_10_tl_51" custom="readingOrder {index:50;}">
                <Coords points="280,2851 1291,2846 1291,2806 1216,2789 538,2806 280,2771"/>
                <Baseline points="295,2836 340,2833 385,2833 429,2833 474,2833 519,2833 564,2833 609,2833 653,2833 698,2833 743,2833 788,2833 832,2830 877,2827 922,2824 967,2827 1012,2830 1056,2836 1101,2836 1146,2836 1191,2836 1236,2839 1280,2839 1298,2836"/>
                <Word id="r_10_tl_51_w1" custom="readingOrder {index:0;}">
                    <Coords points="286,2793 286,2853 416,2853 416,2793"/>
                    <TextEquiv>
                        <Unicode>sewicht</Unicode>
                    </TextEquiv>
                </Word>
                <Word id="r_10_tl_51_w2" custom="readingOrder {index:1;}">
                    <Coords points="439,2793 439,2853 484,2853 484,2793"/>
                    <TextEquiv>
                        <Unicode>sich</Unicode>
                    </TextEquiv>
                </Word>
                <Word id="r_10_tl_51_w3" custom="readingOrder {index:2;}">
                    <Coords points="513,2793 513,2853 631,2853 631,2793"/>
                    <TextEquiv>
                        <Unicode>darauf</Unicode>
                    </TextEquiv>
                </Word>
                <Word id="r_10_tl_51_w4" custom="readingOrder {index:3;}">
                    <Coords points="649,2793 649,2853 773,2853 773,2793"/>
                    <TextEquiv>
                        <Unicode>berufen</Unicode>
                    </TextEquiv>
                </Word>
                <Word id="r_10_tl_51_w5" custom="readingOrder {index:4;}">
                    <Coords points="807,2788 807,2848 914,2848 914,2788"/>
                    <TextEquiv>
                        <Unicode>kann,</Unicode>
                    </TextEquiv>
                </Word>
                <Word id="r_10_tl_51_w6" custom="readingOrder {index:5;}">
                    <Coords points="937,2787 937,2847 1022,2847 1022,2787"/>
                    <TextEquiv>
                        <Unicode>ward</Unicode>
                    </TextEquiv>
                </Word>
                <Word id="r_10_tl_51_w7" custom="readingOrder {index:6;}">
                    <Coords points="1045,2796 1045,2856 1175,2856 1175,2796"/>
                    <TextEquiv>
                        <Unicode>dadurch</Unicode>
                    </TextEquiv>
                </Word>
                <Word id="r_10_tl_51_w8" custom="readingOrder {index:7;}">
                    <Coords points="1204,2799 1204,2859 1288,2859 1288,2799"/>
                    <TextEquiv>
                        <Unicode>nicht</Unicode>
                    </TextEquiv>
                </Word>
                <TextEquiv>
                    <Unicode>sewicht sich darauf berufen kann, ward dadurch nicht</Unicode>
                </TextEquiv>
            </TextLine>
            <TextLine id="r_10_tl_52" custom="readingOrder {index:51;}">
                <Coords points="275,2901 1286,2894 1286,2849 928,2829 275,2851"/>
                <Baseline points="289,2887 307,2884 352,2881 397,2881 441,2881 486,2884 531,2881 576,2881 620,2881 665,2881 710,2884 755,2884 800,2881 844,2875 889,2875 934,2875 979,2875 1024,2881 1068,2884 1113,2884 1158,2884 1203,2887 1247,2887 1292,2884"/>
                <Word id="r_10_tl_52_w1" custom="readingOrder {index:0;}">
                    <Coords points="287,2841 287,2901 446,2901 446,2841"/>
                    <TextEquiv>
                        <Unicode>gerührt,</Unicode>
                    </TextEquiv>
                </Word>
                <Word id="r_10_tl_52_w2" custom="readingOrder {index:1;}">
                    <Coords points="475,2841 475,2901 602,2901 602,2841"/>
                    <TextEquiv>
                        <Unicode>sondern</Unicode>
                    </TextEquiv>
                </Word>
                <Word id="r_10_tl_52_w3" custom="readingOrder {index:2;}">
                    <Coords points="636,2842 636,2902 745,2902 745,2842"/>
                    <TextEquiv>
                        <Unicode>befahl</Unicode>
                    </TextEquiv>
                </Word>
                <Word id="r_10_tl_52_w4" custom="readingOrder {index:3;}">
                    <Coords points="768,2841 768,2901 824,2901 824,2841"/>
                    <TextEquiv>
                        <Unicode>den</Unicode>
                    </TextEquiv>
                </Word>
                <Word id="r_10_tl_52_w5" custom="readingOrder {index:4;}">
                    <Coords points="852,2835 852,2895 1084,2895 1084,2835"/>
                    <TextEquiv>
                        <Unicode>Geschwornen</Unicode>
                    </TextEquiv>
                </Word>
                <Word id="r_10_tl_52_w6" custom="readingOrder {index:5;}">
                    <Coords points="1118,2844 1118,2904 1178,2904 1178,2844"/>
                    <TextEquiv>
                        <Unicode>mit</Unicode>
                    </TextEquiv>
                </Word>
                <Word id="r_10_tl_52_w7" custom="readingOrder {index:6;}">
                    <Coords points="1206,2847 1206,2907 1283,2907 1283,2847"/>
                    <TextEquiv>
                        <Unicode>aller</Unicode>
                    </TextEquiv>
                </Word>
                <TextEquiv>
                    <Unicode>gerührt, sondern befahl den Geschwornen mit aller</Unicode>
                </TextEquiv>
            </TextLine>
            <TextLine id="r_10_tl_53" custom="readingOrder {index:52;}">
                <Coords points="273,2961 1283,2954 1283,2894 1253,2891 273,2904"/>
                <Baseline points="286,2931 331,2931 376,2934 420,2931 465,2934 510,2934 555,2934 600,2934 644,2934 689,2934 734,2934 779,2934 824,2931 868,2931 913,2931 958,2928 1003,2931 1047,2931 1092,2934 1137,2937 1182,2937 1227,2937 1271,2937 1286,2937"/>
                <Word id="r_10_tl_53_w1" custom="readingOrder {index:0;}">
                    <Coords points="286,2893 286,2953 439,2953 439,2893"/>
                    <TextEquiv>
                        <Unicode>Strenge</Unicode>
                    </TextEquiv>
                </Word>
                <Word id="r_10_tl_53_w2" custom="readingOrder {index:1;}">
                    <Coords points="470,2894 470,2954 498,2954 498,2894"/>
                    <TextEquiv>
                        <Unicode>zu</Unicode>
                    </TextEquiv>
                </Word>
                <Word id="r_10_tl_53_w3" custom="readingOrder {index:2;}">
                    <Coords points="540,2894 540,2954 729,2954 729,2894"/>
                    <TextEquiv>
                        <Unicode>verfahren.</Unicode>
                    </TextEquiv>
                </Word>
                <Word id="r_10_tl_53_w4" custom="readingOrder {index:3;}">
                    <Coords points="783,2891 783,2951 996,2951 996,2891"/>
                    <TextEquiv>
                        <Unicode>Dergleichen</Unicode>
                    </TextEquiv>
                </Word>
                <Word id="r_10_tl_53_w5" custom="readingOrder {index:4;}">
                    <Coords points="1032,2893 1032,2953 1150,2953 1150,2893"/>
                    <TextEquiv>
                        <Unicode>pflegen</Unicode>
                    </TextEquiv>
                </Word>
                <Word id="r_10_tl_53_w6" custom="readingOrder {index:5;}">
                    <Coords points="1192,2897 1192,2957 1285,2957 1285,2897"/>
                    <TextEquiv>
                        <Unicode>zwölf</Unicode>
                    </TextEquiv>
                </Word>
                <TextEquiv>
                    <Unicode>Strenge zu verfahren. Dergleichen pflegen zwölf</Unicode>
                </TextEquiv>
            </TextLine>
            <TextEquiv>
                <Unicode></Unicode>
            </TextEquiv>
        </TextRegion>
        <TextRegion id="r_11" custom="readingOrder {index:1;}">
            <Coords points="1308,340 2355,340 2355,3026 1308,3026"/>
            <TextLine id="r_11_tl_1" custom="readingOrder {index:0;}">
                <Coords points="1311,413 2346,430 2346,333 2149,360 1986,323 1901,355 1311,338"/>
                <Baseline points="1325,394 1370,391 1415,394 1459,394 1504,397 1549,397 1594,397 1639,397 1683,397 1728,400 1773,400 1818,400 1862,400 1907,400 1952,400 1997,400 2042,397 2086,400 2131,397 2176,403 2221,406 2266,409 2310,409 2349,412"/>
                <Word id="r_11_tl_1_w1" custom="readingOrder {index:0;}">
                    <Coords points="1319,353 1319,413 1343,413 1343,353"/>
                    <TextEquiv>
                        <Unicode>in</Unicode>
                    </TextEquiv>
                </Word>
                <Word id="r_11_tl_1_w2" custom="readingOrder {index:1;}">
                    <Coords points="1375,354 1375,414 1529,414 1529,354"/>
                    <TextEquiv>
                        <Unicode>England</Unicode>
                    </TextEquiv>
                </Word>
                <Word id="r_11_tl_1_w3" custom="readingOrder {index:2;}">
                    <Coords points="1560,357 1560,417 1591,417 1591,357"/>
                    <TextEquiv>
                        <Unicode>zu</Unicode>
                    </TextEquiv>
                </Word>
                <Word id="r_11_tl_1_w4" custom="readingOrder {index:3;}">
                    <Coords points="1635,357 1635,417 1734,417 1734,357"/>
                    <TextEquiv>
                        <Unicode>seyn,</Unicode>
                    </TextEquiv>
                </Word>
                <Word id="r_11_tl_1_w5" custom="readingOrder {index:4;}">
                    <Coords points="1759,360 1759,420 1820,420 1820,360"/>
                    <TextEquiv>
                        <Unicode>und</Unicode>
                    </TextEquiv>
                </Word>
                <Word id="r_11_tl_1_w6" custom="readingOrder {index:5;}">
                    <Coords points="1853,360 1853,420 1901,420 1901,360"/>
                    <TextEquiv>
                        <Unicode>ihr</Unicode>
                    </TextEquiv>
                </Word>
                <Word id="r_11_tl_1_w7" custom="readingOrder {index:6;}">
                    <Coords points="1927,358 1927,418 2113,418 2113,358"/>
                    <TextEquiv>
                        <Unicode>Ausspruch</Unicode>
                    </TextEquiv>
                </Word>
                <Word id="r_11_tl_1_w8" custom="readingOrder {index:7;}">
                    <Coords points="2144,363 2144,423 2218,423 2218,363"/>
                    <TextEquiv>
                        <Unicode>muß</Unicode>
                    </TextEquiv>
                </Word>
                <Word id="r_11_tl_1_w9" custom="readingOrder {index:8;}">
                    <Coords points="2256,369 2256,429 2335,429 2335,369"/>
                    <TextEquiv>
                        <Unicode>ganz</Unicode>
                    </TextEquiv>
                </Word>
                <TextEquiv>
                    <Unicode>in England zu seyn, und ihr Ausspruch muß ganz</Unicode>
                </TextEquiv>
            </TextLine>
            <TextLine id="r_11_tl_2" custom="readingOrder {index:1;}">
                <Coords points="1311,463 2339,468 2339,428 2134,405 1311,413"/>
                <Baseline points="1325,441 1370,444 1415,444 1459,444 1504,444 1549,444 1594,444 1639,447 1683,447 1728,447 1773,450 1818,450 1862,450 1907,450 1952,450 1997,447 2042,447 2086,447 2131,447 2176,447 2221,453 2266,453 2310,456 2346,459"/>
                <Word id="r_11_tl_2_w1" custom="readingOrder {index:0;}">
                    <Coords points="1322,404 1322,464 1506,464 1506,404"/>
                    <TextEquiv>
                        <Unicode>einmüthig</Unicode>
                    </TextEquiv>
                </Word>
                <Word id="r_11_tl_2_w2" custom="readingOrder {index:1;}">
                    <Coords points="1533,404 1533,464 1623,464 1623,404"/>
                    <TextEquiv>
                        <Unicode>seyn.</Unicode>
                    </TextEquiv>
                </Word>
                <Word id="r_11_tl_2_w3" custom="readingOrder {index:2;}">
                    <Coords points="1676,407 1676,467 1765,467 1765,407"/>
                    <TextEquiv>
                        <Unicode>Man</Unicode>
                    </TextEquiv>
                </Word>
                <Word id="r_11_tl_2_w4" custom="readingOrder {index:3;}">
                    <Coords points="1792,410 1792,470 1951,470 1951,410"/>
                    <TextEquiv>
                        <Unicode>sammlete</Unicode>
                    </TextEquiv>
                </Word>
                <Word id="r_11_tl_2_w5" custom="readingOrder {index:4;}">
                    <Coords points="1983,407 1983,467 2051,467 2051,407"/>
                    <TextEquiv>
                        <Unicode>hier</Unicode>
                    </TextEquiv>
                </Word>
                <Word id="r_11_tl_2_w6" custom="readingOrder {index:5;}">
                    <Coords points="2083,407 2083,467 2131,467 2131,407"/>
                    <TextEquiv>
                        <Unicode>die</Unicode>
                    </TextEquiv>
                </Word>
                <Word id="r_11_tl_2_w7" custom="readingOrder {index:6;}">
                    <Coords points="2158,413 2158,473 2326,473 2326,413"/>
                    <TextEquiv>
                        <Unicode>Stimmen</Unicode>
                    </TextEquiv>
                </Word>
                <TextEquiv>
                    <Unicode>einmüthig seyn. Man sammlete hier die Stimmen</Unicode>
                </TextEquiv>
            </TextLine>
            <TextLine id="r_11_tl_3" custom="readingOrder {index:2;}">
                <Coords points="1311,503 2339,523 2339,468 2149,453 1311,460"/>
                <Baseline points="1325,492 1370,492 1415,492 1459,492 1504,492 1549,495 1594,492 1639,495 1683,495 1728,495 1773,498 1818,498 1862,498 1907,501 1952,501 1997,498 2042,495 2086,498 2131,498 2176,498 2221,501 2266,501 2310,504 2346,507"/>
                <Word id="r_11_tl_3_w1" custom="readingOrder {index:0;}">
                    <Coords points="1322,452 1322,512 1381,512 1381,452"/>
                    <TextEquiv>
                        <Unicode>von</Unicode>
                    </TextEquiv>
                </Word>
                <Word id="r_11_tl_3_w2" custom="readingOrder {index:1;}">
                    <Coords points="1414,452 1414,512 1462,512 1462,452"/>
                    <TextEquiv>
                        <Unicode>des</Unicode>
                    </TextEquiv>
                </Word>
                <Word id="r_11_tl_3_w3" custom="readingOrder {index:2;}">
                    <Coords points="1489,453 1489,513 1656,513 1656,453"/>
                    <TextEquiv>
                        <Unicode>Morgens</Unicode>
                    </TextEquiv>
                </Word>
                <Word id="r_11_tl_3_w4" custom="readingOrder {index:3;}">
                    <Coords points="1684,455 1684,515 1732,515 1732,455"/>
                    <TextEquiv>
                        <Unicode>bis</Unicode>
                    </TextEquiv>
                </Word>
                <Word id="r_11_tl_3_w5" custom="readingOrder {index:4;}">
                    <Coords points="1759,458 1759,518 1791,518 1791,458"/>
                    <TextEquiv>
                        <Unicode>um</Unicode>
                    </TextEquiv>
                </Word>
                <Word id="r_11_tl_3_w6" custom="readingOrder {index:5;}">
                    <Coords points="1830,458 1830,518 1845,518 1845,458"/>
                    <TextEquiv>
                        <Unicode>9</Unicode>
                    </TextEquiv>
                </Word>
                <Word id="r_11_tl_3_w7" custom="readingOrder {index:6;}">
                    <Coords points="1873,461 1873,521 1942,521 1942,461"/>
                    <TextEquiv>
                        <Unicode>Uhr</Unicode>
                    </TextEquiv>
                </Word>
                <Word id="r_11_tl_3_w8" custom="readingOrder {index:7;}">
                    <Coords points="1965,458 1965,518 2018,518 2018,458"/>
                    <TextEquiv>
                        <Unicode>des</Unicode>
                    </TextEquiv>
                </Word>
                <Word id="r_11_tl_3_w9" custom="readingOrder {index:8;}">
                    <Coords points="2046,458 2046,518 2196,518 2196,458"/>
                    <TextEquiv>
                        <Unicode>Abends.</Unicode>
                    </TextEquiv>
                </Word>
                <Word id="r_11_tl_3_w10" custom="readingOrder {index:9;}">
                    <Coords points="2256,462 2256,522 2331,522 2331,462"/>
                    <TextEquiv>
                        <Unicode>Der</Unicode>
                    </TextEquiv>
                </Word>
                <TextEquiv>
                    <Unicode>von des Morgens bis um 9 Uhr des Abends. Der</Unicode>
                </TextEquiv>
            </TextLine>
            <TextLine id="r_11_tl_4" custom="readingOrder {index:3;}">
                <Coords points="1321,550 2336,560 2336,520 2206,505 1321,510"/>
                <Baseline points="1334,543 1379,540 1424,540 1468,540 1513,540 1558,540 1603,543 1648,546 1692,546 1737,546 1782,549 1827,549 1871,549 1916,549 1961,549 2006,549 2051,546 2095,549 2140,549 2185,546 2230,546 2274,549 2319,549 2343,549"/>
                <Word id="r_11_tl_4_w1" custom="readingOrder {index:0;}">
                    <Coords points="1326,500 1326,560 1531,560 1531,500"/>
                    <TextEquiv>
                        <Unicode>Oberrichter</Unicode>
                    </TextEquiv>
                </Word>
                <Word id="r_11_tl_4_w2" custom="readingOrder {index:1;}">
                    <Coords points="1558,505 1558,565 1722,565 1722,505"/>
                    <TextEquiv>
                        <Unicode>wunderte</Unicode>
                    </TextEquiv>
                </Word>
                <Word id="r_11_tl_4_w3" custom="readingOrder {index:2;}">
                    <Coords points="1748,508 1748,568 1794,568 1794,508"/>
                    <TextEquiv>
                        <Unicode>sich</Unicode>
                    </TextEquiv>
                </Word>
                <Word id="r_11_tl_4_w4" custom="readingOrder {index:3;}">
                    <Coords points="1820,509 1820,569 1897,569 1897,509"/>
                    <TextEquiv>
                        <Unicode>über</Unicode>
                    </TextEquiv>
                </Word>
                <Word id="r_11_tl_4_w5" custom="readingOrder {index:4;}">
                    <Coords points="1923,509 1923,569 2015,569 2015,509"/>
                    <TextEquiv>
                        <Unicode>diesen</Unicode>
                    </TextEquiv>
                </Word>
                <Word id="r_11_tl_4_w6" custom="readingOrder {index:5;}">
                    <Coords points="2042,509 2042,569 2165,569 2165,509"/>
                    <TextEquiv>
                        <Unicode>Verzug</Unicode>
                    </TextEquiv>
                </Word>
                <Word id="r_11_tl_4_w7" custom="readingOrder {index:6;}">
                    <Coords points="2191,506 2191,566 2216,566 2216,506"/>
                    <TextEquiv>
                        <Unicode>in</Unicode>
                    </TextEquiv>
                </Word>
                <Word id="r_11_tl_4_w8" custom="readingOrder {index:7;}">
                    <Coords points="2248,509 2248,569 2329,569 2329,509"/>
                    <TextEquiv>
                        <Unicode>einer</Unicode>
                    </TextEquiv>
                </Word>
                <TextEquiv>
                    <Unicode>Oberrichter wunderte sich über diesen Verzug in einer</Unicode>
                </TextEquiv>
            </TextLine>
            <TextLine id="r_11_tl_5" custom="readingOrder {index:4;}">
                <Coords points="1326,608 2339,613 2339,563 2194,550 1646,578 1326,553"/>
                <Baseline points="1340,591 1385,591 1430,591 1474,591 1519,591 1564,594 1609,594 1653,594 1698,594 1743,597 1788,597 1833,597 1877,600 1922,600 1967,600 2012,600 2057,600 2101,597 2146,600 2191,600 2236,597 2280,597 2325,600 2346,603"/>
                <Word id="r_11_tl_5_w1" custom="readingOrder {index:0;}">
                    <Coords points="1326,551 1326,611 1350,611 1350,551"/>
                    <TextEquiv>
                        <Unicode>so</Unicode>
                    </TextEquiv>
                </Word>
                <Word id="r_11_tl_5_w2" custom="readingOrder {index:1;}">
                    <Coords points="1376,551 1376,611 1476,611 1476,551"/>
                    <TextEquiv>
                        <Unicode>klaren</Unicode>
                    </TextEquiv>
                </Word>
                <Word id="r_11_tl_5_w3" custom="readingOrder {index:2;}">
                    <Coords points="1507,554 1507,614 1632,614 1632,554"/>
                    <TextEquiv>
                        <Unicode>Sache,</Unicode>
                    </TextEquiv>
                </Word>
                <Word id="r_11_tl_5_w4" custom="readingOrder {index:3;}">
                    <Coords points="1658,554 1658,614 1728,614 1728,554"/>
                    <TextEquiv>
                        <Unicode>aber</Unicode>
                    </TextEquiv>
                </Word>
                <Word id="r_11_tl_5_w5" custom="readingOrder {index:4;}">
                    <Coords points="1754,557 1754,617 1803,617 1803,557"/>
                    <TextEquiv>
                        <Unicode>der</Unicode>
                    </TextEquiv>
                </Word>
                <Word id="r_11_tl_5_w6" custom="readingOrder {index:5;}">
                    <Coords points="1829,559 1829,619 1899,619 1899,559"/>
                    <TextEquiv>
                        <Unicode>erste</Unicode>
                    </TextEquiv>
                </Word>
                <Word id="r_11_tl_5_w7" custom="readingOrder {index:6;}">
                    <Coords points="1925,560 1925,620 1980,620 1980,560"/>
                    <TextEquiv>
                        <Unicode>von</Unicode>
                    </TextEquiv>
                </Word>
                <Word id="r_11_tl_5_w8" custom="readingOrder {index:7;}">
                    <Coords points="2010,560 2010,620 2060,620 2060,560"/>
                    <TextEquiv>
                        <Unicode>den</Unicode>
                    </TextEquiv>
                </Word>
                <Word id="r_11_tl_5_w9" custom="readingOrder {index:8;}">
                    <Coords points="2091,558 2091,618 2322,618 2322,558"/>
                    <TextEquiv>
                        <Unicode>Geschwornen</Unicode>
                    </TextEquiv>
                </Word>
                <TextEquiv>
                    <Unicode>so klaren Sache, aber der erste von den Geschwornen</Unicode>
                </TextEquiv>
            </TextLine>
            <TextLine id="r_11_tl_6" custom="readingOrder {index:5;}">
                <Coords points="1311,643 2346,663 2311,608 1311,605"/>
                <Baseline points="1325,638 1370,638 1415,638 1459,638 1504,638 1549,641 1594,641 1639,644 1683,644 1728,644 1773,647 1818,644 1862,647 1907,647 1952,647 1997,647 2042,647 2086,647 2131,650 2176,650 2221,647 2266,647 2310,647 2349,644"/>
                <Word id="r_11_tl_6_w1" custom="readingOrder {index:0;}">
                    <Coords points="1321,598 1321,658 1391,658 1391,598"/>
                    <TextEquiv>
                        <Unicode>war</Unicode>
                    </TextEquiv>
                </Word>
                <Word id="r_11_tl_6_w2" custom="readingOrder {index:1;}">
                    <Coords points="1417,598 1417,658 1577,658 1577,598"/>
                    <TextEquiv>
                        <Unicode>beständig</Unicode>
                    </TextEquiv>
                </Word>
                <Word id="r_11_tl_6_w3" custom="readingOrder {index:2;}">
                    <Coords points="1603,603 1603,663 1658,663 1658,603"/>
                    <TextEquiv>
                        <Unicode>den</Unicode>
                    </TextEquiv>
                </Word>
                <Word id="r_11_tl_6_w4" custom="readingOrder {index:3;}">
                    <Coords points="1684,605 1684,665 1804,665 1804,605"/>
                    <TextEquiv>
                        <Unicode>eilfen,</Unicode>
                    </TextEquiv>
                </Word>
                <Word id="r_11_tl_6_w5" custom="readingOrder {index:4;}">
                    <Coords points="1830,606 1830,666 1880,666 1880,606"/>
                    <TextEquiv>
                        <Unicode>die</Unicode>
                    </TextEquiv>
                </Word>
                <Word id="r_11_tl_6_w6" custom="readingOrder {index:5;}">
                    <Coords points="1906,607 1906,667 1956,667 1956,607"/>
                    <TextEquiv>
                        <Unicode>ihn</Unicode>
                    </TextEquiv>
                </Word>
                <Word id="r_11_tl_6_w7" custom="readingOrder {index:6;}">
                    <Coords points="1992,609 1992,669 2248,669 2248,609"/>
                    <TextEquiv>
                        <Unicode>verdammten,</Unicode>
                    </TextEquiv>
                </Word>
                <Word id="r_11_tl_6_w8" custom="readingOrder {index:7;}">
                    <Coords points="2274,607 2274,667 2344,667 2344,607"/>
                    <TextEquiv>
                        <Unicode>ent¬</Unicode>
                    </TextEquiv>
                </Word>
                <TextEquiv>
                    <Unicode>war beständig den eilfen, die ihn verdammten, ent¬</Unicode>
                </TextEquiv>
            </TextLine>
            <TextLine id="r_11_tl_7" custom="readingOrder {index:6;}">
                <Coords points="1318,705 2336,705 2316,655 1318,658"/>
                <Baseline points="1331,692 1376,689 1421,689 1465,686 1510,689 1555,689 1600,692 1645,692 1689,692 1734,692 1779,692 1824,695 1868,695 1913,695 1958,695 2003,695 2048,695 2092,698 2137,701 2182,701 2227,698 2271,695 2316,698 2343,698"/>
                <Word id="r_11_tl_7_w1" custom="readingOrder {index:0;}">
                    <Coords points="1323,649 1323,709 1418,709 1418,649"/>
                    <TextEquiv>
                        <Unicode>gegen</Unicode>
                    </TextEquiv>
                </Word>
                <Word id="r_11_tl_7_w2" custom="readingOrder {index:1;}">
                    <Coords points="1445,649 1445,709 1608,709 1608,649"/>
                    <TextEquiv>
                        <Unicode>gewesen.</Unicode>
                    </TextEquiv>
                </Word>
                <Word id="r_11_tl_7_w3" custom="readingOrder {index:2;}">
                    <Coords points="1651,652 1651,712 1730,712 1730,652"/>
                    <TextEquiv>
                        <Unicode>Der</Unicode>
                    </TextEquiv>
                </Word>
                <Word id="r_11_tl_7_w4" custom="readingOrder {index:3;}">
                    <Coords points="1757,655 1757,715 1968,715 1968,655"/>
                    <TextEquiv>
                        <Unicode>Oberrichter</Unicode>
                    </TextEquiv>
                </Word>
                <Word id="r_11_tl_7_w5" custom="readingOrder {index:4;}">
                    <Coords points="1995,655 1995,715 2111,715 2111,655"/>
                    <TextEquiv>
                        <Unicode>befahl</Unicode>
                    </TextEquiv>
                </Word>
                <Word id="r_11_tl_7_w6" custom="readingOrder {index:5;}">
                    <Coords points="2133,660 2133,720 2260,720 2260,660"/>
                    <TextEquiv>
                        <Unicode>ihnen,</Unicode>
                    </TextEquiv>
                </Word>
                <Word id="r_11_tl_7_w7" custom="readingOrder {index:6;}">
                    <Coords points="2287,657 2287,717 2334,717 2334,657"/>
                    <TextEquiv>
                        <Unicode>die</Unicode>
                    </TextEquiv>
                </Word>
                <TextEquiv>
                    <Unicode>gegen gewesen. Der Oberrichter befahl ihnen, die</Unicode>
                </TextEquiv>
            </TextLine>
            <TextLine id="r_11_tl_8" custom="readingOrder {index:7;}">
                <Coords points="1311,743 2336,760 2336,708 2274,700 1311,700"/>
                <Baseline points="1325,737 1370,737 1415,737 1459,737 1504,737 1549,737 1594,737 1639,740 1683,740 1728,743 1773,743 1818,743 1862,746 1907,746 1952,746 1997,746 2042,746 2086,746 2131,749 2176,749 2221,749 2266,749 2310,746 2343,746"/>
                <Word id="r_11_tl_8_w1" custom="readingOrder {index:0;}">
                    <Coords points="1317,697 1317,757 1428,757 1428,697"/>
                    <TextEquiv>
                        <Unicode>Nacht</Unicode>
                    </TextEquiv>
                </Word>
                <Word id="r_11_tl_8_w2" custom="readingOrder {index:1;}">
                    <Coords points="1451,697 1451,757 1529,757 1529,697"/>
                    <TextEquiv>
                        <Unicode>über</Unicode>
                    </TextEquiv>
                </Word>
                <Word id="r_11_tl_8_w3" custom="readingOrder {index:2;}">
                    <Coords points="1552,697 1552,757 1634,757 1634,697"/>
                    <TextEquiv>
                        <Unicode>ohne</Unicode>
                    </TextEquiv>
                </Word>
                <Word id="r_11_tl_8_w4" custom="readingOrder {index:3;}">
                    <Coords points="1658,701 1658,761 1758,761 1758,701"/>
                    <TextEquiv>
                        <Unicode>Feuer</Unicode>
                    </TextEquiv>
                </Word>
                <Word id="r_11_tl_8_w5" custom="readingOrder {index:4;}">
                    <Coords points="1781,703 1781,763 1842,763 1842,703"/>
                    <TextEquiv>
                        <Unicode>und</Unicode>
                    </TextEquiv>
                </Word>
                <Word id="r_11_tl_8_w6" custom="readingOrder {index:5;}">
                    <Coords points="1865,706 1865,766 1948,766 1948,706"/>
                    <TextEquiv>
                        <Unicode>Licht</Unicode>
                    </TextEquiv>
                </Word>
                <Word id="r_11_tl_8_w7" custom="readingOrder {index:6;}">
                    <Coords points="1976,706 1976,766 2160,766 2160,706"/>
                    <TextEquiv>
                        <Unicode>zusammen</Unicode>
                    </TextEquiv>
                </Word>
                <Word id="r_11_tl_8_w8" custom="readingOrder {index:7;}">
                    <Coords points="2195,709 2195,769 2227,769 2227,709"/>
                    <TextEquiv>
                        <Unicode>zu</Unicode>
                    </TextEquiv>
                </Word>
                <Word id="r_11_tl_8_w9" custom="readingOrder {index:8;}">
                    <Coords points="2261,706 2261,766 2339,766 2339,706"/>
                    <TextEquiv>
                        <Unicode>blei¬</Unicode>
                    </TextEquiv>
                </Word>
                <TextEquiv>
                    <Unicode>Nacht über ohne Feuer und Licht zusammen zu blei¬</Unicode>
                </TextEquiv>
            </TextLine>
            <TextLine id="r_11_tl_9" custom="readingOrder {index:8;}">
                <Coords points="1313,788 2274,820 2336,810 2336,758 1406,768 1311,740"/>
                <Baseline points="1328,785 1373,785 1418,785 1462,785 1507,785 1552,788 1597,788 1642,788 1686,791 1731,791 1776,794 1821,794 1865,794 1910,794 1955,794 2000,794 2045,794 2089,794 2134,797 2179,797 2224,797 2269,797 2313,800 2340,797"/>
                <Word id="r_11_tl_9_w1" custom="readingOrder {index:0;}">
                    <Coords points="1311,745 1311,805 1404,805 1404,745"/>
                    <TextEquiv>
                        <Unicode>ben,</Unicode>
                    </TextEquiv>
                </Word>
                <Word id="r_11_tl_9_w2" custom="readingOrder {index:1;}">
                    <Coords points="1430,745 1430,805 1487,805 1487,745"/>
                    <TextEquiv>
                        <Unicode>und</Unicode>
                    </TextEquiv>
                </Word>
                <Word id="r_11_tl_9_w3" custom="readingOrder {index:2;}">
                    <Coords points="1524,748 1524,808 1606,808 1606,748"/>
                    <TextEquiv>
                        <Unicode>einig</Unicode>
                    </TextEquiv>
                </Word>
                <Word id="r_11_tl_9_w4" custom="readingOrder {index:3;}">
                    <Coords points="1638,748 1638,808 1669,808 1669,748"/>
                    <TextEquiv>
                        <Unicode>zu</Unicode>
                    </TextEquiv>
                </Word>
                <Word id="r_11_tl_9_w5" custom="readingOrder {index:4;}">
                    <Coords points="1706,754 1706,814 1851,814 1851,754"/>
                    <TextEquiv>
                        <Unicode>werden.</Unicode>
                    </TextEquiv>
                </Word>
                <Word id="r_11_tl_9_w6" custom="readingOrder {index:5;}">
                    <Coords points="1903,754 1903,814 2006,814 2006,754"/>
                    <TextEquiv>
                        <Unicode>Allein</Unicode>
                    </TextEquiv>
                </Word>
                <Word id="r_11_tl_9_w7" custom="readingOrder {index:6;}">
                    <Coords points="2049,754 2049,814 2100,814 2100,754"/>
                    <TextEquiv>
                        <Unicode>der</Unicode>
                    </TextEquiv>
                </Word>
                <Word id="r_11_tl_9_w8" custom="readingOrder {index:7;}">
                    <Coords points="2127,757 2127,817 2220,817 2220,757"/>
                    <TextEquiv>
                        <Unicode>obige</Unicode>
                    </TextEquiv>
                </Word>
                <Word id="r_11_tl_9_w9" custom="readingOrder {index:8;}">
                    <Coords points="2246,758 2246,818 2334,818 2334,758"/>
                    <TextEquiv>
                        <Unicode>Mit¬</Unicode>
                    </TextEquiv>
                </Word>
                <TextEquiv>
                    <Unicode>ben, und einig zu werden. Allein der obige Mit¬</Unicode>
                </TextEquiv>
            </TextLine>
            <TextLine id="r_11_tl_10" custom="readingOrder {index:9;}">
                <Coords points="1313,848 2339,860 2306,805 1313,790"/>
                <Baseline points="1328,832 1373,832 1418,832 1462,832 1507,832 1552,835 1597,838 1642,838 1686,838 1731,838 1776,841 1821,841 1865,844 1910,841 1955,841 2000,844 2045,841 2089,844 2134,844 2179,844 2224,847 2269,847 2313,847 2340,844"/>
                <Word id="r_11_tl_10_w1" custom="readingOrder {index:0;}">
                    <Coords points="1318,792 1318,852 1435,852 1435,792"/>
                    <TextEquiv>
                        <Unicode>bruder</Unicode>
                    </TextEquiv>
                </Word>
                <Word id="r_11_tl_10_w2" custom="readingOrder {index:1;}">
                    <Coords points="1462,792 1462,852 1542,852 1542,792"/>
                    <TextEquiv>
                        <Unicode>blieb</Unicode>
                    </TextEquiv>
                </Word>
                <Word id="r_11_tl_10_w3" custom="readingOrder {index:2;}">
                    <Coords points="1569,798 1569,858 1814,858 1814,798"/>
                    <TextEquiv>
                        <Unicode>unbeweglich,</Unicode>
                    </TextEquiv>
                </Word>
                <Word id="r_11_tl_10_w4" custom="readingOrder {index:3;}">
                    <Coords points="1836,802 1836,862 1926,862 1926,802"/>
                    <TextEquiv>
                        <Unicode>sollte</Unicode>
                    </TextEquiv>
                </Word>
                <Word id="r_11_tl_10_w5" custom="readingOrder {index:4;}">
                    <Coords points="1948,801 1948,861 1974,861 1974,801"/>
                    <TextEquiv>
                        <Unicode>es</Unicode>
                    </TextEquiv>
                </Word>
                <Word id="r_11_tl_10_w6" custom="readingOrder {index:5;}">
                    <Coords points="2007,801 2007,861 2054,861 2054,801"/>
                    <TextEquiv>
                        <Unicode>ihm</Unicode>
                    </TextEquiv>
                </Word>
                <Word id="r_11_tl_10_w7" custom="readingOrder {index:6;}">
                    <Coords points="2102,804 2102,864 2172,864 2172,804"/>
                    <TextEquiv>
                        <Unicode>auch</Unicode>
                    </TextEquiv>
                </Word>
                <Word id="r_11_tl_10_w8" custom="readingOrder {index:7;}">
                    <Coords points="2204,807 2204,867 2262,867 2262,807"/>
                    <TextEquiv>
                        <Unicode>das</Unicode>
                    </TextEquiv>
                </Word>
                <Word id="r_11_tl_10_w9" custom="readingOrder {index:8;}">
                    <Coords points="2289,807 2289,867 2337,867 2337,807"/>
                    <TextEquiv>
                        <Unicode>Le¬</Unicode>
                    </TextEquiv>
                </Word>
                <TextEquiv>
                    <Unicode>bruder blieb unbeweglich, sollte es ihm auch das Le¬</Unicode>
                </TextEquiv>
            </TextLine>
            <TextLine id="r_11_tl_11" custom="readingOrder {index:10;}">
                <Coords points="325,893 2336,903 2336,860 2279,855 1366,853 1233,808 325,848"/>
                <Baseline points="340,886 361,883 406,886 450,883 495,883 540,883 585,883 629,883 674,883 719,883 764,883 809,883 853,883 898,886 943,886 988,886 1032,886 1077,886 1122,883 1167,883 1212,883 1256,883 1301,883 1325,880 1370,883 1415,883 1459,883 1504,883 1549,883 1594,886 1639,886 1683,889 1728,889 1773,889 1818,889 1862,889 1907,892 1952,889 1997,889 2042,892 2086,892 2131,892 2176,892 2221,895 2266,892 2310,895 2340,892"/>
                <Word id="r_11_tl_11_w1" custom="readingOrder {index:0;}">
                    <Coords points="335,843 335,903 408,903 408,843"/>
                    <TextEquiv>
                        <Unicode>Der</Unicode>
                    </TextEquiv>
                </Word>
                <Word id="r_11_tl_11_w2" custom="readingOrder {index:1;}">
                    <Coords points="429,843 429,903 550,903 550,843"/>
                    <TextEquiv>
                        <Unicode>zweyte</Unicode>
                    </TextEquiv>
                </Word>
                <Word id="r_11_tl_11_w3" custom="readingOrder {index:2;}">
                    <Coords points="571,843 571,903 679,903 679,843"/>
                    <TextEquiv>
                        <Unicode>Zeuge</Unicode>
                    </TextEquiv>
                </Word>
                <Word id="r_11_tl_11_w4" custom="readingOrder {index:3;}">
                    <Coords points="700,843 700,903 855,903 855,843"/>
                    <TextEquiv>
                        <Unicode>entdeckte</Unicode>
                    </TextEquiv>
                </Word>
                <Word id="r_11_tl_11_w5" custom="readingOrder {index:4;}">
                    <Coords points="869,846 869,906 943,906 943,846"/>
                    <TextEquiv>
                        <Unicode>noch</Unicode>
                    </TextEquiv>
                </Word>
                <Word id="r_11_tl_11_w6" custom="readingOrder {index:5;}">
                    <Coords points="970,846 970,906 1078,906 1078,846"/>
                    <TextEquiv>
                        <Unicode>mehr.</Unicode>
                    </TextEquiv>
                </Word>
                <Word id="r_11_tl_11_w7" custom="readingOrder {index:6;}">
                    <Coords points="1120,843 1120,903 1173,903 1173,843"/>
                    <TextEquiv>
                        <Unicode>Er</Unicode>
                    </TextEquiv>
                </Word>
                <Word id="r_11_tl_11_w8" custom="readingOrder {index:7;}">
                    <Coords points="1201,843 1201,903 1288,903 1288,843"/>
                    <TextEquiv>
                        <Unicode>wäre</Unicode>
                    </TextEquiv>
                </Word>
                <Word id="r_11_tl_11_w9" custom="readingOrder {index:8;}">
                    <Coords points="1330,842 1330,902 1383,902 1383,842"/>
                    <TextEquiv>
                        <Unicode>ben</Unicode>
                    </TextEquiv>
                </Word>
                <Word id="r_11_tl_11_w10" custom="readingOrder {index:9;}">
                    <Coords points="1411,843 1411,903 1532,903 1532,843"/>
                    <TextEquiv>
                        <Unicode>kosten.</Unicode>
                    </TextEquiv>
                </Word>
                <Word id="r_11_tl_11_w11" custom="readingOrder {index:10;}">
                    <Coords points="1580,846 1580,906 1668,906 1668,846"/>
                    <TextEquiv>
                        <Unicode>Man</Unicode>
                    </TextEquiv>
                </Word>
                <Word id="r_11_tl_11_w12" custom="readingOrder {index:11;}">
                    <Coords points="1702,849 1702,909 1809,909 1809,849"/>
                    <TextEquiv>
                        <Unicode>mußte</Unicode>
                    </TextEquiv>
                </Word>
                <Word id="r_11_tl_11_w13" custom="readingOrder {index:12;}">
                    <Coords points="1831,849 1831,909 1891,909 1891,849"/>
                    <TextEquiv>
                        <Unicode>also</Unicode>
                    </TextEquiv>
                </Word>
                <Word id="r_11_tl_11_w14" custom="readingOrder {index:13;}">
                    <Coords points="1912,849 1912,909 1965,909 1965,849"/>
                    <TextEquiv>
                        <Unicode>den</Unicode>
                    </TextEquiv>
                </Word>
                <Word id="r_11_tl_11_w15" custom="readingOrder {index:14;}">
                    <Coords points="1993,852 1993,912 2168,912 2168,852"/>
                    <TextEquiv>
                        <Unicode>Beklagten</Unicode>
                    </TextEquiv>
                </Word>
                <Word id="r_11_tl_11_w16" custom="readingOrder {index:15;}">
                    <Coords points="2203,852 2203,912 2337,912 2337,852"/>
                    <TextEquiv>
                        <Unicode>loßspre¬</Unicode>
                    </TextEquiv>
                </Word>
                <TextEquiv>
                    <Unicode>Der zweyte Zeuge entdeckte noch mehr. Er wäre ben kosten. Man mußte also den Beklagten loßspre¬</Unicode>
                </TextEquiv>
            </TextLine>
            <TextLine id="r_11_tl_12" custom="readingOrder {index:11;}">
                <Coords points="1318,938 2306,963 2334,903 1316,893"/>
                <Baseline points="1331,931 1376,931 1421,931 1465,931 1510,934 1555,934 1600,934 1645,937 1689,937 1734,937 1779,940 1824,940 1868,940 1913,940 1958,943 2003,943 2048,943 2092,943 2137,943 2182,943 2227,943 2271,943 2316,943 2343,946"/>
                <Word id="r_11_tl_12_w1" custom="readingOrder {index:0;}">
                    <Coords points="1316,891 1316,951 1411,951 1411,891"/>
                    <TextEquiv>
                        <Unicode>chen.</Unicode>
                    </TextEquiv>
                </Word>
                <Word id="r_11_tl_12_w2" custom="readingOrder {index:1;}">
                    <Coords points="1459,893 1459,953 1538,953 1538,893"/>
                    <TextEquiv>
                        <Unicode>Der</Unicode>
                    </TextEquiv>
                </Word>
                <Word id="r_11_tl_12_w3" custom="readingOrder {index:2;}">
                    <Coords points="1560,897 1560,957 1761,957 1761,897"/>
                    <TextEquiv>
                        <Unicode>Oberrichter</Unicode>
                    </TextEquiv>
                </Word>
                <Word id="r_11_tl_12_w4" custom="readingOrder {index:3;}">
                    <Coords points="1788,900 1788,960 1904,960 1904,900"/>
                    <TextEquiv>
                        <Unicode>machte</Unicode>
                    </TextEquiv>
                </Word>
                <Word id="r_11_tl_12_w5" custom="readingOrder {index:4;}">
                    <Coords points="1926,903 1926,963 2021,963 2021,903"/>
                    <TextEquiv>
                        <Unicode>ihnen</Unicode>
                    </TextEquiv>
                </Word>
                <Word id="r_11_tl_12_w6" custom="readingOrder {index:5;}">
                    <Coords points="2054,903 2054,963 2143,963 2143,903"/>
                    <TextEquiv>
                        <Unicode>harte</Unicode>
                    </TextEquiv>
                </Word>
                <Word id="r_11_tl_12_w7" custom="readingOrder {index:6;}">
                    <Coords points="2170,903 2170,963 2334,963 2334,903"/>
                    <TextEquiv>
                        <Unicode>Vorwür¬</Unicode>
                    </TextEquiv>
                </Word>
                <TextEquiv>
                    <Unicode>chen. Der Oberrichter machte ihnen harte Vorwür¬</Unicode>
                </TextEquiv>
            </TextLine>
            <TextLine id="r_11_tl_13" custom="readingOrder {index:12;}">
                <Coords points="1328,990 2331,1008 2329,960 2264,950 1326,938"/>
                <Baseline points="1340,982 1385,979 1430,982 1474,982 1519,982 1564,982 1609,985 1653,985 1698,985 1743,988 1788,985 1833,988 1877,988 1922,991 1967,991 2012,991 2057,991 2101,991 2146,994 2191,994 2236,994 2280,994 2325,994 2337,997"/>
                <Word id="r_11_tl_13_w1" custom="readingOrder {index:0;}">
                    <Coords points="1327,941 1327,1001 1376,1001 1376,941"/>
                    <TextEquiv>
                        <Unicode>fe,</Unicode>
                    </TextEquiv>
                </Word>
                <Word id="r_11_tl_13_w2" custom="readingOrder {index:1;}">
                    <Coords points="1404,942 1404,1002 1464,1002 1464,942"/>
                    <TextEquiv>
                        <Unicode>und</Unicode>
                    </TextEquiv>
                </Word>
                <Word id="r_11_tl_13_w3" custom="readingOrder {index:2;}">
                    <Coords points="1492,942 1492,1002 1569,1002 1569,942"/>
                    <TextEquiv>
                        <Unicode>schob</Unicode>
                    </TextEquiv>
                </Word>
                <Word id="r_11_tl_13_w4" custom="readingOrder {index:3;}">
                    <Coords points="1597,945 1597,1005 1652,1005 1652,945"/>
                    <TextEquiv>
                        <Unicode>das</Unicode>
                    </TextEquiv>
                </Word>
                <Word id="r_11_tl_13_w5" custom="readingOrder {index:4;}">
                    <Coords points="1681,946 1681,1006 1841,1006 1841,946"/>
                    <TextEquiv>
                        <Unicode>vergoßne</Unicode>
                    </TextEquiv>
                </Word>
                <Word id="r_11_tl_13_w6" custom="readingOrder {index:5;}">
                    <Coords points="1864,950 1864,1010 1951,1010 1951,950"/>
                    <TextEquiv>
                        <Unicode>Blut</Unicode>
                    </TextEquiv>
                </Word>
                <Word id="r_11_tl_13_w7" custom="readingOrder {index:6;}">
                    <Coords points="1974,951 1974,1011 2029,1011 2029,951"/>
                    <TextEquiv>
                        <Unicode>auf</Unicode>
                    </TextEquiv>
                </Word>
                <Word id="r_11_tl_13_w8" custom="readingOrder {index:7;}">
                    <Coords points="2047,951 2047,1011 2118,1011 2118,951"/>
                    <TextEquiv>
                        <Unicode>ihre</Unicode>
                    </TextEquiv>
                </Word>
                <Word id="r_11_tl_13_w9" custom="readingOrder {index:8;}">
                    <Coords points="2135,954 2135,1014 2334,1014 2334,954"/>
                    <TextEquiv>
                        <Unicode>Rechnung.</Unicode>
                    </TextEquiv>
                </Word>
                <TextEquiv>
                    <Unicode>fe, und schob das vergoßne Blut auf ihre Rechnung.</Unicode>
                </TextEquiv>
            </TextLine>
            <TextLine id="r_11_tl_14" custom="readingOrder {index:13;}">
                <Coords points="1326,1038 2336,1053 2336,1003 1326,993"/>
                <Baseline points="1340,1027 1385,1027 1430,1030 1474,1030 1519,1030 1564,1030 1609,1030 1653,1032 1698,1032 1743,1032 1788,1032 1833,1030 1877,1035 1922,1035 1967,1038 2012,1038 2057,1038 2101,1041 2146,1041 2191,1041 2236,1044 2280,1041 2325,1044 2343,1044"/>
                <Word id="r_11_tl_14_w1" custom="readingOrder {index:0;}">
                    <Coords points="1332,988 1332,1048 1492,1048 1492,988"/>
                    <TextEquiv>
                        <Unicode>Milord,</Unicode>
                    </TextEquiv>
                </Word>
                <Word id="r_11_tl_14_w2" custom="readingOrder {index:1;}">
                    <Coords points="1526,990 1526,1050 1580,1050 1580,990"/>
                    <TextEquiv>
                        <Unicode>ihr</Unicode>
                    </TextEquiv>
                </Word>
                <Word id="r_11_tl_14_w3" custom="readingOrder {index:2;}">
                    <Coords points="1614,992 1614,1052 1719,1052 1719,992"/>
                    <TextEquiv>
                        <Unicode>sehet,</Unicode>
                    </TextEquiv>
                </Word>
                <Word id="r_11_tl_14_w4" custom="readingOrder {index:3;}">
                    <Coords points="1753,992 1753,1052 1813,1052 1813,992"/>
                    <TextEquiv>
                        <Unicode>rief</Unicode>
                    </TextEquiv>
                </Word>
                <Word id="r_11_tl_14_w5" custom="readingOrder {index:4;}">
                    <Coords points="1852,994 1852,1054 1901,1054 1901,994"/>
                    <TextEquiv>
                        <Unicode>der</Unicode>
                    </TextEquiv>
                </Word>
                <Word id="r_11_tl_14_w6" custom="readingOrder {index:5;}">
                    <Coords points="1935,998 1935,1058 2189,1058 2189,998"/>
                    <TextEquiv>
                        <Unicode>Loßgesprochne</Unicode>
                    </TextEquiv>
                </Word>
                <Word id="r_11_tl_14_w7" custom="readingOrder {index:6;}">
                    <Coords points="2218,1001 2218,1061 2328,1061 2328,1001"/>
                    <TextEquiv>
                        <Unicode>kniend</Unicode>
                    </TextEquiv>
                </Word>
                <TextEquiv>
                    <Unicode>Milord, ihr sehet, rief der Loßgesprochne kniend</Unicode>
                </TextEquiv>
            </TextLine>
            <TextLine id="r_11_tl_15" custom="readingOrder {index:14;}">
                <Coords points="1318,1081 2289,1108 2341,1103 2339,1056 1316,1043"/>
                <Baseline points="1331,1074 1376,1074 1421,1074 1465,1077 1510,1077 1555,1077 1600,1080 1645,1080 1689,1080 1734,1080 1779,1080 1824,1080 1868,1077 1913,1080 1958,1083 2003,1086 2048,1083 2092,1086 2137,1086 2182,1092 2227,1089 2271,1092 2316,1092 2346,1092"/>
                <Word id="r_11_tl_15_w1" custom="readingOrder {index:0;}">
                    <Coords points="1321,1034 1321,1094 1411,1094 1411,1034"/>
                    <TextEquiv>
                        <Unicode>aus,</Unicode>
                    </TextEquiv>
                </Word>
                <Word id="r_11_tl_15_w2" custom="readingOrder {index:1;}">
                    <Coords points="1437,1037 1437,1097 1543,1097 1543,1037"/>
                    <TextEquiv>
                        <Unicode>GOtt</Unicode>
                    </TextEquiv>
                </Word>
                <Word id="r_11_tl_15_w3" custom="readingOrder {index:2;}">
                    <Coords points="1574,1040 1574,1100 1634,1100 1634,1040"/>
                    <TextEquiv>
                        <Unicode>und</Unicode>
                    </TextEquiv>
                </Word>
                <Word id="r_11_tl_15_w4" custom="readingOrder {index:3;}">
                    <Coords points="1665,1040 1665,1100 1720,1100 1720,1040"/>
                    <TextEquiv>
                        <Unicode>das</Unicode>
                    </TextEquiv>
                </Word>
                <Word id="r_11_tl_15_w5" custom="readingOrder {index:4;}">
                    <Coords points="1751,1040 1751,1100 1827,1100 1827,1040"/>
                    <TextEquiv>
                        <Unicode>gute</Unicode>
                    </TextEquiv>
                </Word>
                <Word id="r_11_tl_15_w6" custom="readingOrder {index:5;}">
                    <Coords points="1853,1041 1853,1101 2015,1101 2015,1041"/>
                    <TextEquiv>
                        <Unicode>Gewissen</Unicode>
                    </TextEquiv>
                </Word>
                <Word id="r_11_tl_15_w7" custom="readingOrder {index:6;}">
                    <Coords points="2056,1045 2056,1105 2116,1105 2116,1045"/>
                    <TextEquiv>
                        <Unicode>sind</Unicode>
                    </TextEquiv>
                </Word>
                <Word id="r_11_tl_15_w8" custom="readingOrder {index:7;}">
                    <Coords points="2147,1050 2147,1110 2197,1110 2197,1050"/>
                    <TextEquiv>
                        <Unicode>die</Unicode>
                    </TextEquiv>
                </Word>
                <Word id="r_11_tl_15_w9" custom="readingOrder {index:8;}">
                    <Coords points="2228,1052 2228,1112 2329,1112 2329,1052"/>
                    <TextEquiv>
                        <Unicode>besten</Unicode>
                    </TextEquiv>
                </Word>
                <TextEquiv>
                    <Unicode>aus, GOtt und das gute Gewissen sind die besten</Unicode>
                </TextEquiv>
            </TextLine>
            <TextLine id="r_11_tl_16" custom="readingOrder {index:15;}">
                <Coords points="1318,1143 2336,1148 2314,1098 1318,1081"/>
                <Baseline points="1331,1125 1376,1122 1421,1119 1465,1122 1510,1122 1555,1119 1600,1125 1645,1125 1689,1125 1734,1125 1779,1125 1824,1125 1868,1128 1913,1125 1958,1128 2003,1128 2048,1131 2092,1131 2137,1134 2182,1134 2227,1137 2271,1137 2316,1137 2343,1134"/>
                <Word id="r_11_tl_16_w1" custom="readingOrder {index:0;}">
                    <Coords points="1318,1080 1318,1140 1469,1140 1469,1080"/>
                    <TextEquiv>
                        <Unicode>Zeugen.</Unicode>
                    </TextEquiv>
                </Word>
                <Word id="r_11_tl_16_w2" custom="readingOrder {index:1;}">
                    <Coords points="1520,1081 1520,1141 1626,1141 1626,1081"/>
                    <TextEquiv>
                        <Unicode>Diese</Unicode>
                    </TextEquiv>
                </Word>
                <Word id="r_11_tl_16_w3" custom="readingOrder {index:2;}">
                    <Coords points="1652,1085 1652,1145 1793,1145 1793,1085"/>
                    <TextEquiv>
                        <Unicode>Worte,</Unicode>
                    </TextEquiv>
                </Word>
                <Word id="r_11_tl_16_w4" custom="readingOrder {index:3;}">
                    <Coords points="1819,1086 1819,1146 1869,1146 1869,1086"/>
                    <TextEquiv>
                        <Unicode>die</Unicode>
                    </TextEquiv>
                </Word>
                <Word id="r_11_tl_16_w5" custom="readingOrder {index:4;}">
                    <Coords points="1894,1085 1894,1145 1924,1145 1924,1085"/>
                    <TextEquiv>
                        <Unicode>er</Unicode>
                    </TextEquiv>
                </Word>
                <Word id="r_11_tl_16_w6" custom="readingOrder {index:5;}">
                    <Coords points="1955,1088 1955,1148 2015,1148 2015,1088"/>
                    <TextEquiv>
                        <Unicode>mit</Unicode>
                    </TextEquiv>
                </Word>
                <Word id="r_11_tl_16_w7" custom="readingOrder {index:6;}">
                    <Coords points="2041,1093 2041,1153 2213,1153 2213,1093"/>
                    <TextEquiv>
                        <Unicode>besondrer</Unicode>
                    </TextEquiv>
                </Word>
                <Word id="r_11_tl_16_w8" custom="readingOrder {index:7;}">
                    <Coords points="2239,1097 2239,1157 2334,1157 2334,1097"/>
                    <TextEquiv>
                        <Unicode>Frey¬</Unicode>
                    </TextEquiv>
                </Word>
                <TextEquiv>
                    <Unicode>Zeugen. Diese Worte, die er mit besondrer Frey¬</Unicode>
                </TextEquiv>
            </TextLine>
            <TextLine id="r_11_tl_17" custom="readingOrder {index:16;}">
                <Coords points="1321,1183 2316,1198 2344,1148 1318,1143"/>
                <Baseline points="1331,1167 1376,1170 1421,1170 1465,1170 1510,1170 1555,1170 1600,1173 1645,1170 1689,1170 1734,1173 1779,1173 1824,1176 1868,1176 1913,1176 1958,1176 2003,1176 2048,1176 2092,1179 2137,1179 2182,1179 2227,1179 2271,1182 2316,1182 2352,1182"/>
                <Word id="r_11_tl_17_w1" custom="readingOrder {index:0;}">
                    <Coords points="1324,1130 1324,1190 1525,1190 1525,1130"/>
                    <TextEquiv>
                        <Unicode>müthigkeit</Unicode>
                    </TextEquiv>
                </Word>
                <Word id="r_11_tl_17_w2" custom="readingOrder {index:1;}">
                    <Coords points="1553,1132 1553,1192 1618,1192 1618,1132"/>
                    <TextEquiv>
                        <Unicode>und</Unicode>
                    </TextEquiv>
                </Word>
                <Word id="r_11_tl_17_w3" custom="readingOrder {index:2;}">
                    <Coords points="1640,1133 1640,1193 1841,1193 1841,1133"/>
                    <TextEquiv>
                        <Unicode>Ehrlichkeit</Unicode>
                    </TextEquiv>
                </Word>
                <Word id="r_11_tl_17_w4" custom="readingOrder {index:3;}">
                    <Coords points="1864,1136 1864,1196 1973,1196 1973,1136"/>
                    <TextEquiv>
                        <Unicode>sagte,</Unicode>
                    </TextEquiv>
                </Word>
                <Word id="r_11_tl_17_w5" custom="readingOrder {index:4;}">
                    <Coords points="1995,1136 1995,1196 2130,1196 2130,1136"/>
                    <TextEquiv>
                        <Unicode>rührten</Unicode>
                    </TextEquiv>
                </Word>
                <Word id="r_11_tl_17_w6" custom="readingOrder {index:5;}">
                    <Coords points="2164,1139 2164,1199 2218,1199 2218,1139"/>
                    <TextEquiv>
                        <Unicode>den</Unicode>
                    </TextEquiv>
                </Word>
                <Word id="r_11_tl_17_w7" custom="readingOrder {index:6;}">
                    <Coords points="2246,1142 2246,1202 2343,1202 2343,1142"/>
                    <TextEquiv>
                        <Unicode>Rich¬</Unicode>
                    </TextEquiv>
                </Word>
                <TextEquiv>
                    <Unicode>müthigkeit und Ehrlichkeit sagte, rührten den Rich¬</Unicode>
                </TextEquiv>
            </TextLine>
            <TextLine id="r_11_tl_18" custom="readingOrder {index:17;}">
                <Coords points="1318,1226 2341,1246 2341,1193 2289,1188 1318,1183"/>
                <Baseline points="1331,1215 1376,1218 1421,1218 1465,1221 1510,1218 1555,1221 1600,1221 1645,1221 1689,1224 1734,1224 1779,1224 1824,1224 1868,1224 1913,1227 1958,1227 2003,1227 2048,1227 2092,1227 2137,1224 2182,1227 2227,1230 2271,1230 2316,1230 2346,1230"/>
                <Word id="r_11_tl_18_w1" custom="readingOrder {index:0;}">
                    <Coords points="1319,1176 1319,1236 1390,1236 1390,1176"/>
                    <TextEquiv>
                        <Unicode>ter,</Unicode>
                    </TextEquiv>
                </Word>
                <Word id="r_11_tl_18_w2" custom="readingOrder {index:1;}">
                    <Coords points="1419,1178 1419,1238 1446,1238 1446,1178"/>
                    <TextEquiv>
                        <Unicode>er</Unicode>
                    </TextEquiv>
                </Word>
                <Word id="r_11_tl_18_w3" custom="readingOrder {index:2;}">
                    <Coords points="1469,1178 1469,1238 1547,1238 1547,1178"/>
                    <TextEquiv>
                        <Unicode>hielt</Unicode>
                    </TextEquiv>
                </Word>
                <Word id="r_11_tl_18_w4" custom="readingOrder {index:3;}">
                    <Coords points="1570,1181 1570,1241 1619,1241 1619,1181"/>
                    <TextEquiv>
                        <Unicode>ihn</Unicode>
                    </TextEquiv>
                </Word>
                <Word id="r_11_tl_18_w5" custom="readingOrder {index:4;}">
                    <Coords points="1648,1182 1648,1242 1697,1242 1697,1182"/>
                    <TextEquiv>
                        <Unicode>für</Unicode>
                    </TextEquiv>
                </Word>
                <Word id="r_11_tl_18_w6" custom="readingOrder {index:5;}">
                    <Coords points="1720,1184 1720,1244 1931,1244 1931,1184"/>
                    <TextEquiv>
                        <Unicode>unschuldig;</Unicode>
                    </TextEquiv>
                </Word>
                <Word id="r_11_tl_18_w7" custom="readingOrder {index:6;}">
                    <Coords points="1960,1187 1960,1247 2049,1247 2049,1187"/>
                    <TextEquiv>
                        <Unicode>allein</Unicode>
                    </TextEquiv>
                </Word>
                <Word id="r_11_tl_18_w8" custom="readingOrder {index:7;}">
                    <Coords points="2083,1185 2083,1245 2132,1245 2132,1185"/>
                    <TextEquiv>
                        <Unicode>der</Unicode>
                    </TextEquiv>
                </Word>
                <Word id="r_11_tl_18_w9" custom="readingOrder {index:8;}">
                    <Coords points="2155,1190 2155,1250 2327,1250 2327,1190"/>
                    <TextEquiv>
                        <Unicode>Eigensinn</Unicode>
                    </TextEquiv>
                </Word>
                <TextEquiv>
                    <Unicode>ter, er hielt ihn für unschuldig; allein der Eigensinn</Unicode>
                </TextEquiv>
            </TextLine>
            <TextLine id="r_11_tl_19" custom="readingOrder {index:18;}">
                <Coords points="1323,1276 2334,1291 2334,1238 1323,1231"/>
                <Baseline points="1337,1268 1382,1268 1427,1265 1471,1268 1516,1268 1561,1268 1606,1271 1650,1271 1695,1271 1740,1274 1785,1274 1830,1274 1874,1277 1919,1277 1964,1277 2009,1277 2054,1280 2098,1280 2143,1277 2188,1280 2233,1280 2277,1277 2322,1274 2340,1277"/>
                <Word id="r_11_tl_19_w1" custom="readingOrder {index:0;}">
                    <Coords points="1328,1228 1328,1288 1386,1288 1386,1228"/>
                    <TextEquiv>
                        <Unicode>des</Unicode>
                    </TextEquiv>
                </Word>
                <Word id="r_11_tl_19_w2" custom="readingOrder {index:1;}">
                    <Coords points="1413,1226 1413,1286 1497,1286 1497,1226"/>
                    <TextEquiv>
                        <Unicode>einen</Unicode>
                    </TextEquiv>
                </Word>
                <Word id="r_11_tl_19_w3" custom="readingOrder {index:2;}">
                    <Coords points="1524,1231 1524,1291 1755,1291 1755,1231"/>
                    <TextEquiv>
                        <Unicode>Geschwornen</Unicode>
                    </TextEquiv>
                </Word>
                <Word id="r_11_tl_19_w4" custom="readingOrder {index:3;}">
                    <Coords points="1788,1235 1788,1295 1930,1295 1930,1235"/>
                    <TextEquiv>
                        <Unicode>erweckte</Unicode>
                    </TextEquiv>
                </Word>
                <Word id="r_11_tl_19_w5" custom="readingOrder {index:4;}">
                    <Coords points="1952,1237 1952,1297 2004,1297 2004,1237"/>
                    <TextEquiv>
                        <Unicode>sein</Unicode>
                    </TextEquiv>
                </Word>
                <Word id="r_11_tl_19_w6" custom="readingOrder {index:5;}">
                    <Coords points="2037,1237 2037,1297 2258,1297 2258,1237"/>
                    <TextEquiv>
                        <Unicode>Nachsinnen.</Unicode>
                    </TextEquiv>
                </Word>
                <Word id="r_11_tl_19_w7" custom="readingOrder {index:6;}">
                    <Coords points="2285,1234 2285,1294 2332,1294 2332,1234"/>
                    <TextEquiv>
                        <Unicode>Er</Unicode>
                    </TextEquiv>
                </Word>
                <TextEquiv>
                    <Unicode>des einen Geschwornen erweckte sein Nachsinnen. Er</Unicode>
                </TextEquiv>
            </TextLine>
            <TextLine id="r_11_tl_20" custom="readingOrder {index:19;}">
                <Coords points="1333,1338 2344,1346 2329,1288 1333,1276"/>
                <Baseline points="1346,1322 1391,1319 1436,1319 1480,1319 1525,1322 1570,1322 1615,1322 1659,1322 1704,1325 1749,1325 1794,1325 1839,1328 1883,1328 1928,1328 1973,1328 2018,1328 2063,1331 2107,1334 2152,1331 2197,1331 2242,1331 2286,1331 2331,1331 2349,1331"/>
                <Word id="r_11_tl_20_w1" custom="readingOrder {index:0;}">
                    <Coords points="1334,1279 1334,1339 1450,1339 1450,1279"/>
                    <TextEquiv>
                        <Unicode>schickte</Unicode>
                    </TextEquiv>
                </Word>
                <Word id="r_11_tl_20_w2" custom="readingOrder {index:1;}">
                    <Coords points="1473,1280 1473,1340 1539,1340 1539,1280"/>
                    <TextEquiv>
                        <Unicode>nach</Unicode>
                    </TextEquiv>
                </Word>
                <Word id="r_11_tl_20_w3" custom="readingOrder {index:2;}">
                    <Coords points="1567,1282 1567,1342 1661,1342 1661,1282"/>
                    <TextEquiv>
                        <Unicode>ihm,</Unicode>
                    </TextEquiv>
                </Word>
                <Word id="r_11_tl_20_w4" custom="readingOrder {index:3;}">
                    <Coords points="1684,1284 1684,1344 1723,1344 1723,1284"/>
                    <TextEquiv>
                        <Unicode>um</Unicode>
                    </TextEquiv>
                </Word>
                <Word id="r_11_tl_20_w5" custom="readingOrder {index:4;}">
                    <Coords points="1762,1285 1762,1345 1812,1345 1812,1285"/>
                    <TextEquiv>
                        <Unicode>die</Unicode>
                    </TextEquiv>
                </Word>
                <Word id="r_11_tl_20_w6" custom="readingOrder {index:5;}">
                    <Coords points="1835,1288 1835,1348 1985,1348 1985,1288"/>
                    <TextEquiv>
                        <Unicode>Ursachen</Unicode>
                    </TextEquiv>
                </Word>
                <Word id="r_11_tl_20_w7" custom="readingOrder {index:6;}">
                    <Coords points="2019,1290 2019,1350 2091,1350 2091,1290"/>
                    <TextEquiv>
                        <Unicode>dazu</Unicode>
                    </TextEquiv>
                </Word>
                <Word id="r_11_tl_20_w8" custom="readingOrder {index:7;}">
                    <Coords points="2125,1291 2125,1351 2180,1351 2180,1291"/>
                    <TextEquiv>
                        <Unicode>von</Unicode>
                    </TextEquiv>
                </Word>
                <Word id="r_11_tl_20_w9" custom="readingOrder {index:8;}">
                    <Coords points="2214,1291 2214,1351 2263,1351 2263,1291"/>
                    <TextEquiv>
                        <Unicode>ihm</Unicode>
                    </TextEquiv>
                </Word>
                <Word id="r_11_tl_20_w10" custom="readingOrder {index:9;}">
                    <Coords points="2303,1291 2303,1351 2330,1351 2330,1291"/>
                    <TextEquiv>
                        <Unicode>zu</Unicode>
                    </TextEquiv>
                </Word>
                <TextEquiv>
                    <Unicode>schickte nach ihm, um die Ursachen dazu von ihm zu</Unicode>
                </TextEquiv>
            </TextLine>
            <TextLine id="r_11_tl_21" custom="readingOrder {index:20;}">
                <Coords points="1326,1386 2336,1391 2336,1343 2284,1333 1326,1338"/>
                <Baseline points="1340,1373 1385,1373 1430,1373 1474,1373 1519,1370 1564,1373 1609,1373 1653,1373 1698,1376 1743,1376 1788,1376 1833,1376 1877,1379 1922,1379 1967,1382 2012,1382 2057,1382 2101,1382 2146,1382 2191,1382 2236,1382 2280,1382 2325,1382 2343,1379"/>
                <Word id="r_11_tl_21_w1" custom="readingOrder {index:0;}">
                    <Coords points="1327,1333 1327,1393 1498,1393 1498,1333"/>
                    <TextEquiv>
                        <Unicode>erfahren.</Unicode>
                    </TextEquiv>
                </Word>
                <Word id="r_11_tl_21_w2" custom="readingOrder {index:1;}">
                    <Coords points="1546,1333 1546,1393 1640,1393 1640,1333"/>
                    <TextEquiv>
                        <Unicode>Weil</Unicode>
                    </TextEquiv>
                </Word>
                <Word id="r_11_tl_21_w3" custom="readingOrder {index:2;}">
                    <Coords points="1671,1335 1671,1395 1711,1395 1711,1335"/>
                    <TextEquiv>
                        <Unicode>ich</Unicode>
                    </TextEquiv>
                </Word>
                <Word id="r_11_tl_21_w4" custom="readingOrder {index:3;}">
                    <Coords points="1742,1336 1742,1396 1847,1396 1847,1336"/>
                    <TextEquiv>
                        <Unicode>mich,</Unicode>
                    </TextEquiv>
                </Word>
                <Word id="r_11_tl_21_w5" custom="readingOrder {index:4;}">
                    <Coords points="1871,1339 1871,1399 1953,1399 1953,1339"/>
                    <TextEquiv>
                        <Unicode>sagte</Unicode>
                    </TextEquiv>
                </Word>
                <Word id="r_11_tl_21_w6" custom="readingOrder {index:5;}">
                    <Coords points="1978,1342 1978,1402 2102,1402 2102,1342"/>
                    <TextEquiv>
                        <Unicode>dieser,</Unicode>
                    </TextEquiv>
                </Word>
                <Word id="r_11_tl_21_w7" custom="readingOrder {index:6;}">
                    <Coords points="2126,1342 2126,1402 2220,1402 2220,1342"/>
                    <TextEquiv>
                        <Unicode>ihnen</Unicode>
                    </TextEquiv>
                </Word>
                <Word id="r_11_tl_21_w8" custom="readingOrder {index:7;}">
                    <Coords points="2262,1342 2262,1402 2338,1402 2338,1342"/>
                    <TextEquiv>
                        <Unicode>Mi¬</Unicode>
                    </TextEquiv>
                </Word>
                <TextEquiv>
                    <Unicode>erfahren. Weil ich mich, sagte dieser, ihnen Mi¬</Unicode>
                </TextEquiv>
            </TextLine>
            <TextLine id="r_11_tl_22" custom="readingOrder {index:21;}">
                <Coords points="1323,1438 2346,1443 2326,1388 1323,1383"/>
                <Baseline points="1337,1418 1382,1421 1427,1421 1471,1424 1516,1424 1561,1424 1606,1424 1650,1424 1695,1424 1740,1427 1785,1427 1830,1427 1874,1427 1919,1427 1964,1430 2009,1433 2054,1433 2098,1430 2143,1433 2188,1433 2233,1433 2277,1433 2322,1430 2349,1433"/>
                <Word id="r_11_tl_22_w1" custom="readingOrder {index:0;}">
                    <Coords points="1328,1380 1328,1440 1426,1440 1426,1380"/>
                    <TextEquiv>
                        <Unicode>lord,</Unicode>
                    </TextEquiv>
                </Word>
                <Word id="r_11_tl_22_w2" custom="readingOrder {index:1;}">
                    <Coords points="1452,1384 1452,1444 1618,1444 1618,1384"/>
                    <TextEquiv>
                        <Unicode>vertrauen</Unicode>
                    </TextEquiv>
                </Word>
                <Word id="r_11_tl_22_w3" custom="readingOrder {index:2;}">
                    <Coords points="1649,1384 1649,1444 1753,1444 1753,1384"/>
                    <TextEquiv>
                        <Unicode>kann,</Unicode>
                    </TextEquiv>
                </Word>
                <Word id="r_11_tl_22_w4" custom="readingOrder {index:3;}">
                    <Coords points="1784,1387 1784,1447 1809,1447 1809,1387"/>
                    <TextEquiv>
                        <Unicode>so</Unicode>
                    </TextEquiv>
                </Word>
                <Word id="r_11_tl_22_w5" custom="readingOrder {index:4;}">
                    <Coords points="1837,1387 1837,1447 1903,1447 1903,1387"/>
                    <TextEquiv>
                        <Unicode>will</Unicode>
                    </TextEquiv>
                </Word>
                <Word id="r_11_tl_22_w6" custom="readingOrder {index:5;}">
                    <Coords points="1924,1388 1924,1448 1965,1448 1965,1388"/>
                    <TextEquiv>
                        <Unicode>ich</Unicode>
                    </TextEquiv>
                </Word>
                <Word id="r_11_tl_22_w7" custom="readingOrder {index:6;}">
                    <Coords points="1992,1393 1992,1453 2090,1453 2090,1393"/>
                    <TextEquiv>
                        <Unicode>ihnen</Unicode>
                    </TextEquiv>
                </Word>
                <Word id="r_11_tl_22_w8" custom="readingOrder {index:7;}">
                    <Coords points="2127,1393 2127,1453 2199,1453 2199,1393"/>
                    <TextEquiv>
                        <Unicode>alles</Unicode>
                    </TextEquiv>
                </Word>
                <Word id="r_11_tl_22_w9" custom="readingOrder {index:8;}">
                    <Coords points="2236,1392 2236,1452 2344,1452 2344,1392"/>
                    <TextEquiv>
                        <Unicode>entde¬</Unicode>
                    </TextEquiv>
                </Word>
                <TextEquiv>
                    <Unicode>lord, vertrauen kann, so will ich ihnen alles entde¬</Unicode>
                </TextEquiv>
            </TextLine>
            <TextLine id="r_11_tl_23" custom="readingOrder {index:22;}">
                <Coords points="1321,1486 2336,1496 2334,1446 1318,1441"/>
                <Baseline points="1334,1471 1379,1471 1424,1471 1468,1471 1513,1471 1558,1474 1603,1471 1648,1474 1692,1474 1737,1474 1782,1474 1827,1477 1871,1477 1916,1477 1961,1477 2006,1480 2051,1480 2095,1480 2140,1480 2185,1480 2230,1477 2274,1480 2319,1480 2343,1480"/>
                <Word id="r_11_tl_23_w1" custom="readingOrder {index:0;}">
                    <Coords points="1318,1431 1318,1491 1416,1491 1416,1431"/>
                    <TextEquiv>
                        <Unicode>cken,</Unicode>
                    </TextEquiv>
                </Word>
                <Word id="r_11_tl_23_w2" custom="readingOrder {index:1;}">
                    <Coords points="1438,1431 1438,1491 1558,1491 1558,1431"/>
                    <TextEquiv>
                        <Unicode>wofern</Unicode>
                    </TextEquiv>
                </Word>
                <Word id="r_11_tl_23_w3" custom="readingOrder {index:2;}">
                    <Coords points="1591,1431 1591,1491 1629,1491 1629,1431"/>
                    <TextEquiv>
                        <Unicode>sie</Unicode>
                    </TextEquiv>
                </Word>
                <Word id="r_11_tl_23_w4" custom="readingOrder {index:3;}">
                    <Coords points="1657,1434 1657,1494 1716,1494 1716,1434"/>
                    <TextEquiv>
                        <Unicode>auf</Unicode>
                    </TextEquiv>
                </Word>
                <Word id="r_11_tl_23_w5" custom="readingOrder {index:4;}">
                    <Coords points="1739,1434 1739,1494 1793,1494 1793,1434"/>
                    <TextEquiv>
                        <Unicode>ihr</Unicode>
                    </TextEquiv>
                </Word>
                <Word id="r_11_tl_23_w6" custom="readingOrder {index:5;}">
                    <Coords points="1815,1437 1815,1497 1913,1497 1913,1437"/>
                    <TextEquiv>
                        <Unicode>Wort</Unicode>
                    </TextEquiv>
                </Word>
                <Word id="r_11_tl_23_w7" custom="readingOrder {index:6;}">
                    <Coords points="1941,1438 1941,1498 2011,1498 2011,1438"/>
                    <TextEquiv>
                        <Unicode>mich</Unicode>
                    </TextEquiv>
                </Word>
                <Word id="r_11_tl_23_w8" custom="readingOrder {index:7;}">
                    <Coords points="2045,1440 2045,1500 2252,1500 2252,1440"/>
                    <TextEquiv>
                        <Unicode>versichern,</Unicode>
                    </TextEquiv>
                </Word>
                <Word id="r_11_tl_23_w9" custom="readingOrder {index:8;}">
                    <Coords points="2274,1440 2274,1500 2333,1500 2333,1440"/>
                    <TextEquiv>
                        <Unicode>vor</Unicode>
                    </TextEquiv>
                </Word>
                <TextEquiv>
                    <Unicode>cken, wofern sie auf ihr Wort mich versichern, vor</Unicode>
                </TextEquiv>
            </TextLine>
            <TextLine id="r_11_tl_24" custom="readingOrder {index:23;}">
                <Coords points="1318,1528 2001,1536 1998,1488 1808,1473 1773,1496 1658,1476 1318,1488"/>
                <Baseline points="1331,1516 1376,1519 1421,1519 1465,1522 1510,1522 1555,1522 1600,1522 1645,1522 1689,1522 1734,1522 1779,1525 1824,1525 1868,1525 1913,1525 1958,1528 2003,1525 2006,1525"/>
                <Word id="r_11_tl_24_w1" custom="readingOrder {index:0;}">
                    <Coords points="1322,1479 1322,1539 1446,1539 1446,1479"/>
                    <TextEquiv>
                        <Unicode>meinem</Unicode>
                    </TextEquiv>
                </Word>
                <Word id="r_11_tl_24_w2" custom="readingOrder {index:1;}">
                    <Coords points="1487,1482 1487,1542 1576,1542 1576,1482"/>
                    <TextEquiv>
                        <Unicode>Tode</Unicode>
                    </TextEquiv>
                </Word>
                <Word id="r_11_tl_24_w3" custom="readingOrder {index:2;}">
                    <Coords points="1597,1482 1597,1542 1700,1542 1700,1482"/>
                    <TextEquiv>
                        <Unicode>nichts</Unicode>
                    </TextEquiv>
                </Word>
                <Word id="r_11_tl_24_w4" custom="readingOrder {index:3;}">
                    <Coords points="1726,1482 1726,1542 1755,1542 1755,1482"/>
                    <TextEquiv>
                        <Unicode>zu</Unicode>
                    </TextEquiv>
                </Word>
                <Word id="r_11_tl_24_w5" custom="readingOrder {index:4;}">
                    <Coords points="1786,1485 1786,1545 1989,1545 1989,1485"/>
                    <TextEquiv>
                        <Unicode>offenbaren.</Unicode>
                    </TextEquiv>
                </Word>
                <TextEquiv>
                    <Unicode>meinem Tode nichts zu offenbaren.</Unicode>
                </TextEquiv>
            </TextLine>
            <TextLine id="r_11_tl_25" custom="readingOrder {index:24;}">
                <Coords points="2069,1533 2119,1548 2139,1536 2161,1548 2184,1528 2201,1541 2336,1538 2336,1496 2306,1488 2244,1496 2229,1488 2069,1488"/>
                <Baseline points="2083,1531 2119,1528 2164,1525 2209,1528 2254,1525 2298,1528 2343,1528"/>
                <Word id="r_11_tl_25_w1" custom="readingOrder {index:0;}">
                    <Coords points="2087,1487 2087,1547 2155,1547 2155,1487"/>
                    <TextEquiv>
                        <Unicode>Ich</Unicode>
                    </TextEquiv>
                </Word>
                <Word id="r_11_tl_25_w2" custom="readingOrder {index:1;}">
                    <Coords points="2196,1487 2196,1547 2241,1547 2241,1487"/>
                    <TextEquiv>
                        <Unicode>bin</Unicode>
                    </TextEquiv>
                </Word>
                <Word id="r_11_tl_25_w3" custom="readingOrder {index:2;}">
                    <Coords points="2282,1488 2282,1548 2327,1548 2327,1488"/>
                    <TextEquiv>
                        <Unicode>der</Unicode>
                    </TextEquiv>
                </Word>
                <TextEquiv>
                    <Unicode>Ich bin der</Unicode>
                </TextEquiv>
            </TextLine>
            <TextLine id="r_11_tl_26" custom="readingOrder {index:25;}">
                <Coords points="1323,1573 2341,1588 2339,1538 2301,1533 1323,1533"/>
                <Baseline points="1337,1567 1382,1570 1427,1570 1471,1570 1516,1570 1561,1570 1606,1573 1650,1573 1695,1573 1740,1573 1785,1573 1830,1573 1874,1576 1919,1576 1964,1576 2009,1576 2054,1576 2098,1579 2143,1579 2188,1579 2233,1579 2277,1576 2322,1576 2346,1576"/>
                <Word id="r_11_tl_26_w1" custom="readingOrder {index:0;}">
                    <Coords points="1323,1530 1323,1590 1487,1590 1487,1530"/>
                    <TextEquiv>
                        <Unicode>Thäter,</Unicode>
                    </TextEquiv>
                </Word>
                <Word id="r_11_tl_26_w2" custom="readingOrder {index:1;}">
                    <Coords points="1525,1530 1525,1590 1599,1590 1599,1530"/>
                    <TextEquiv>
                        <Unicode>sollt</Unicode>
                    </TextEquiv>
                </Word>
                <Word id="r_11_tl_26_w3" custom="readingOrder {index:2;}">
                    <Coords points="1626,1533 1626,1593 1668,1593 1668,1533"/>
                    <TextEquiv>
                        <Unicode>ich</Unicode>
                    </TextEquiv>
                </Word>
                <Word id="r_11_tl_26_w4" custom="readingOrder {index:3;}">
                    <Coords points="1711,1533 1711,1593 1801,1593 1801,1533"/>
                    <TextEquiv>
                        <Unicode>jenen</Unicode>
                    </TextEquiv>
                </Word>
                <Word id="r_11_tl_26_w5" custom="readingOrder {index:4;}">
                    <Coords points="1850,1536 1850,1596 2078,1596 2078,1536"/>
                    <TextEquiv>
                        <Unicode>Unschuldigen</Unicode>
                    </TextEquiv>
                </Word>
                <Word id="r_11_tl_26_w6" custom="readingOrder {index:5;}">
                    <Coords points="2121,1539 2121,1599 2328,1599 2328,1539"/>
                    <TextEquiv>
                        <Unicode>verdammen</Unicode>
                    </TextEquiv>
                </Word>
                <TextEquiv>
                    <Unicode>Thäter, sollt ich jenen Unschuldigen verdammen</Unicode>
                </TextEquiv>
            </TextLine>
            <TextLine id="r_11_tl_27" custom="readingOrder {index:26;}">
                <Coords points="1323,1626 2336,1633 2321,1586 1323,1573"/>
                <Baseline points="1337,1615 1382,1618 1427,1618 1471,1618 1516,1615 1561,1618 1606,1618 1650,1618 1695,1621 1740,1621 1785,1621 1830,1621 1874,1621 1919,1624 1964,1624 2009,1627 2054,1627 2098,1627 2143,1627 2188,1627 2233,1627 2277,1627 2322,1624 2343,1624"/>
                <Word id="r_11_tl_27_w1" custom="readingOrder {index:0;}">
                    <Coords points="1323,1578 1323,1638 1447,1638 1447,1578"/>
                    <TextEquiv>
                        <Unicode>lassen?</Unicode>
                    </TextEquiv>
                </Word>
                <Word id="r_11_tl_27_w2" custom="readingOrder {index:1;}">
                    <Coords points="1480,1575 1480,1635 1556,1635 1556,1575"/>
                    <TextEquiv>
                        <Unicode>Der</Unicode>
                    </TextEquiv>
                </Word>
                <Word id="r_11_tl_27_w3" custom="readingOrder {index:2;}">
                    <Coords points="1573,1580 1573,1640 1795,1640 1795,1580"/>
                    <TextEquiv>
                        <Unicode>Erschlagene,</Unicode>
                    </TextEquiv>
                </Word>
                <Word id="r_11_tl_27_w4" custom="readingOrder {index:3;}">
                    <Coords points="1812,1581 1812,1641 1882,1641 1882,1581"/>
                    <TextEquiv>
                        <Unicode>fuhr</Unicode>
                    </TextEquiv>
                </Word>
                <Word id="r_11_tl_27_w5" custom="readingOrder {index:4;}">
                    <Coords points="1899,1583 1899,1643 1926,1643 1926,1583"/>
                    <TextEquiv>
                        <Unicode>er</Unicode>
                    </TextEquiv>
                </Word>
                <Word id="r_11_tl_27_w6" custom="readingOrder {index:5;}">
                    <Coords points="1943,1585 1943,1645 2024,1645 2024,1585"/>
                    <TextEquiv>
                        <Unicode>fort,</Unicode>
                    </TextEquiv>
                </Word>
                <Word id="r_11_tl_27_w7" custom="readingOrder {index:6;}">
                    <Coords points="2041,1587 2041,1647 2100,1647 2100,1587"/>
                    <TextEquiv>
                        <Unicode>war</Unicode>
                    </TextEquiv>
                </Word>
                <Word id="r_11_tl_27_w8" custom="readingOrder {index:7;}">
                    <Coords points="2122,1587 2122,1647 2171,1647 2171,1587"/>
                    <TextEquiv>
                        <Unicode>der</Unicode>
                    </TextEquiv>
                </Word>
                <Word id="r_11_tl_27_w9" custom="readingOrder {index:8;}">
                    <Coords points="2188,1587 2188,1647 2333,1647 2333,1587"/>
                    <TextEquiv>
                        <Unicode>Samm¬</Unicode>
                    </TextEquiv>
                </Word>
                <TextEquiv>
                    <Unicode>lassen? Der Erschlagene, fuhr er fort, war der Samm¬</Unicode>
                </TextEquiv>
            </TextLine>
            <TextLine id="r_11_tl_28" custom="readingOrder {index:27;}">
                <Coords points="1318,1671 2339,1688 2336,1643 2261,1633 1318,1628"/>
                <Baseline points="1331,1665 1376,1665 1421,1665 1465,1665 1510,1665 1555,1668 1600,1668 1645,1668 1689,1668 1734,1668 1779,1668 1824,1668 1868,1671 1913,1671 1958,1671 2003,1671 2048,1674 2092,1674 2137,1674 2182,1674 2227,1674 2271,1674 2316,1674 2343,1674"/>
                <Word id="r_11_tl_28_w1" custom="readingOrder {index:0;}">
                    <Coords points="1323,1625 1323,1685 1369,1685 1369,1625"/>
                    <TextEquiv>
                        <Unicode>ler</Unicode>
                    </TextEquiv>
                </Word>
                <Word id="r_11_tl_28_w2" custom="readingOrder {index:1;}">
                    <Coords points="1396,1625 1396,1685 1452,1685 1452,1625"/>
                    <TextEquiv>
                        <Unicode>des</Unicode>
                    </TextEquiv>
                </Word>
                <Word id="r_11_tl_28_w3" custom="readingOrder {index:2;}">
                    <Coords points="1474,1628 1474,1688 1640,1688 1640,1628"/>
                    <TextEquiv>
                        <Unicode>Zehenden</Unicode>
                    </TextEquiv>
                </Word>
                <Word id="r_11_tl_28_w4" custom="readingOrder {index:3;}">
                    <Coords points="1677,1628 1677,1688 1702,1688 1702,1628"/>
                    <TextEquiv>
                        <Unicode>in</Unicode>
                    </TextEquiv>
                </Word>
                <Word id="r_11_tl_28_w5" custom="readingOrder {index:4;}">
                    <Coords points="1739,1628 1739,1688 1859,1688 1859,1628"/>
                    <TextEquiv>
                        <Unicode>meinem</Unicode>
                    </TextEquiv>
                </Word>
                <Word id="r_11_tl_28_w6" custom="readingOrder {index:5;}">
                    <Coords points="1906,1631 1906,1691 2108,1691 2108,1631"/>
                    <TextEquiv>
                        <Unicode>Kirchspiel,</Unicode>
                    </TextEquiv>
                </Word>
                <Word id="r_11_tl_28_w7" custom="readingOrder {index:6;}">
                    <Coords points="2135,1634 2135,1694 2191,1694 2191,1634"/>
                    <TextEquiv>
                        <Unicode>von</Unicode>
                    </TextEquiv>
                </Word>
                <Word id="r_11_tl_28_w8" custom="readingOrder {index:7;}">
                    <Coords points="2228,1634 2228,1694 2316,1694 2316,1634"/>
                    <TextEquiv>
                        <Unicode>einem</Unicode>
                    </TextEquiv>
                </Word>
                <TextEquiv>
                    <Unicode>ler des Zehenden in meinem Kirchspiel, von einem</Unicode>
                </TextEquiv>
            </TextLine>
            <TextLine id="r_11_tl_29" custom="readingOrder {index:28;}">
                <Coords points="1318,1716 2336,1736 2321,1683 1318,1676"/>
                <Baseline points="1331,1713 1376,1713 1421,1713 1465,1710 1510,1713 1555,1710 1600,1713 1645,1713 1689,1713 1734,1710 1779,1710 1824,1713 1868,1716 1913,1716 1958,1719 2003,1719 2048,1719 2092,1719 2137,1719 2182,1719 2227,1719 2271,1722 2316,1722 2343,1719"/>
                <Word id="r_11_tl_29_w1" custom="readingOrder {index:0;}">
                    <Coords points="1322,1673 1322,1733 1435,1733 1435,1673"/>
                    <TextEquiv>
                        <Unicode>harten</Unicode>
                    </TextEquiv>
                </Word>
                <Word id="r_11_tl_29_w2" custom="readingOrder {index:1;}">
                    <Coords points="1470,1672 1470,1732 1528,1732 1528,1672"/>
                    <TextEquiv>
                        <Unicode>und</Unicode>
                    </TextEquiv>
                </Word>
                <Word id="r_11_tl_29_w3" custom="readingOrder {index:2;}">
                    <Coords points="1563,1673 1563,1733 1730,1733 1730,1673"/>
                    <TextEquiv>
                        <Unicode>boshaften</Unicode>
                    </TextEquiv>
                </Word>
                <Word id="r_11_tl_29_w4" custom="readingOrder {index:3;}">
                    <Coords points="1760,1675 1760,1735 1956,1735 1956,1675"/>
                    <TextEquiv>
                        <Unicode>Charakter.</Unicode>
                    </TextEquiv>
                </Word>
                <Word id="r_11_tl_29_w5" custom="readingOrder {index:4;}">
                    <Coords points="2006,1679 2006,1739 2099,1739 2099,1679"/>
                    <TextEquiv>
                        <Unicode>Kurz</Unicode>
                    </TextEquiv>
                </Word>
                <Word id="r_11_tl_29_w6" custom="readingOrder {index:5;}">
                    <Coords points="2129,1679 2129,1739 2182,1739 2182,1679"/>
                    <TextEquiv>
                        <Unicode>vor</Unicode>
                    </TextEquiv>
                </Word>
                <Word id="r_11_tl_29_w7" custom="readingOrder {index:6;}">
                    <Coords points="2212,1681 2212,1741 2310,1741 2310,1681"/>
                    <TextEquiv>
                        <Unicode>seinem</Unicode>
                    </TextEquiv>
                </Word>
                <TextEquiv>
                    <Unicode>harten und boshaften Charakter. Kurz vor seinem</Unicode>
                </TextEquiv>
            </TextLine>
            <TextLine id="r_11_tl_30" custom="readingOrder {index:29;}">
                <Coords points="1326,1768 2336,1776 2336,1736 2269,1728 1326,1733"/>
                <Baseline points="1340,1755 1385,1755 1430,1755 1474,1755 1519,1755 1564,1755 1609,1755 1653,1755 1698,1755 1743,1755 1788,1758 1833,1755 1877,1758 1922,1761 1967,1761 2012,1761 2057,1764 2101,1764 2146,1764 2191,1764 2236,1764 2280,1764 2325,1767 2343,1767"/>
                <Word id="r_11_tl_30_w1" custom="readingOrder {index:0;}">
                    <Coords points="1329,1715 1329,1775 1416,1775 1416,1715"/>
                    <TextEquiv>
                        <Unicode>Tode</Unicode>
                    </TextEquiv>
                </Word>
                <Word id="r_11_tl_30_w2" custom="readingOrder {index:1;}">
                    <Coords points="1443,1715 1443,1775 1509,1775 1509,1715"/>
                    <TextEquiv>
                        <Unicode>war</Unicode>
                    </TextEquiv>
                </Word>
                <Word id="r_11_tl_30_w3" custom="readingOrder {index:2;}">
                    <Coords points="1532,1715 1532,1775 1558,1775 1558,1715"/>
                    <TextEquiv>
                        <Unicode>er</Unicode>
                    </TextEquiv>
                </Word>
                <Word id="r_11_tl_30_w4" custom="readingOrder {index:3;}">
                    <Coords points="1585,1715 1585,1775 1637,1775 1637,1715"/>
                    <TextEquiv>
                        <Unicode>auf</Unicode>
                    </TextEquiv>
                </Word>
                <Word id="r_11_tl_30_w5" custom="readingOrder {index:4;}">
                    <Coords points="1660,1715 1660,1775 1779,1775 1779,1715"/>
                    <TextEquiv>
                        <Unicode>meinem</Unicode>
                    </TextEquiv>
                </Word>
                <Word id="r_11_tl_30_w6" custom="readingOrder {index:5;}">
                    <Coords points="1815,1716 1815,1776 1902,1776 1902,1716"/>
                    <TextEquiv>
                        <Unicode>Felde</Unicode>
                    </TextEquiv>
                </Word>
                <Word id="r_11_tl_30_w7" custom="readingOrder {index:6;}">
                    <Coords points="1925,1721 1925,1781 1986,1781 1986,1721"/>
                    <TextEquiv>
                        <Unicode>und</Unicode>
                    </TextEquiv>
                </Word>
                <Word id="r_11_tl_30_w8" custom="readingOrder {index:7;}">
                    <Coords points="2014,1723 2014,1783 2093,1783 2093,1723"/>
                    <TextEquiv>
                        <Unicode>nahm</Unicode>
                    </TextEquiv>
                </Word>
                <Word id="r_11_tl_30_w9" custom="readingOrder {index:8;}">
                    <Coords points="2133,1724 2133,1784 2221,1784 2221,1724"/>
                    <TextEquiv>
                        <Unicode>mehr</Unicode>
                    </TextEquiv>
                </Word>
                <Word id="r_11_tl_30_w10" custom="readingOrder {index:9;}">
                    <Coords points="2239,1724 2239,1784 2322,1784 2322,1724"/>
                    <TextEquiv>
                        <Unicode>Korn</Unicode>
                    </TextEquiv>
                </Word>
                <TextEquiv>
                    <Unicode>Tode war er auf meinem Felde und nahm mehr Korn</Unicode>
                </TextEquiv>
            </TextLine>
            <TextLine id="r_11_tl_31" custom="readingOrder {index:30;}">
                <Coords points="1318,1813 2334,1831 2334,1776 2271,1771 1318,1773"/>
                <Baseline points="1331,1794 1376,1794 1421,1794 1465,1794 1510,1797 1555,1797 1600,1797 1645,1800 1689,1797 1734,1800 1779,1800 1824,1800 1868,1803 1913,1806 1958,1806 2003,1806 2048,1809 2092,1809 2137,1812 2182,1812 2227,1812 2271,1809 2316,1815 2340,1815"/>
                <Word id="r_11_tl_31_w1" custom="readingOrder {index:0;}">
                    <Coords points="1323,1754 1323,1814 1374,1814 1374,1754"/>
                    <TextEquiv>
                        <Unicode>als</Unicode>
                    </TextEquiv>
                </Word>
                <Word id="r_11_tl_31_w2" custom="readingOrder {index:1;}">
                    <Coords points="1401,1754 1401,1814 1426,1814 1426,1754"/>
                    <TextEquiv>
                        <Unicode>er</Unicode>
                    </TextEquiv>
                </Word>
                <Word id="r_11_tl_31_w3" custom="readingOrder {index:2;}">
                    <Coords points="1447,1756 1447,1816 1550,1816 1550,1756"/>
                    <TextEquiv>
                        <Unicode>sollte.</Unicode>
                    </TextEquiv>
                </Word>
                <Word id="r_11_tl_31_w4" custom="readingOrder {index:3;}">
                    <Coords points="1598,1758 1598,1818 1659,1818 1659,1758"/>
                    <TextEquiv>
                        <Unicode>Ich</Unicode>
                    </TextEquiv>
                </Word>
                <Word id="r_11_tl_31_w5" custom="readingOrder {index:4;}">
                    <Coords points="1685,1759 1685,1819 1757,1819 1757,1759"/>
                    <TextEquiv>
                        <Unicode>ging</Unicode>
                    </TextEquiv>
                </Word>
                <Word id="r_11_tl_31_w6" custom="readingOrder {index:5;}">
                    <Coords points="1784,1760 1784,1820 1814,1820 1814,1760"/>
                    <TextEquiv>
                        <Unicode>zu</Unicode>
                    </TextEquiv>
                </Word>
                <Word id="r_11_tl_31_w7" custom="readingOrder {index:6;}">
                    <Coords points="1841,1764 1841,1824 1939,1824 1939,1764"/>
                    <TextEquiv>
                        <Unicode>ihm,</Unicode>
                    </TextEquiv>
                </Word>
                <Word id="r_11_tl_31_w8" custom="readingOrder {index:7;}">
                    <Coords points="1965,1766 1965,1826 2021,1826 2021,1766"/>
                    <TextEquiv>
                        <Unicode>und</Unicode>
                    </TextEquiv>
                </Word>
                <Word id="r_11_tl_31_w9" custom="readingOrder {index:8;}">
                    <Coords points="2048,1769 2048,1829 2141,1829 2141,1769"/>
                    <TextEquiv>
                        <Unicode>stellte</Unicode>
                    </TextEquiv>
                </Word>
                <Word id="r_11_tl_31_w10" custom="readingOrder {index:9;}">
                    <Coords points="2162,1772 2162,1832 2208,1832 2208,1772"/>
                    <TextEquiv>
                        <Unicode>ihm</Unicode>
                    </TextEquiv>
                </Word>
                <Word id="r_11_tl_31_w11" custom="readingOrder {index:10;}">
                    <Coords points="2250,1771 2250,1831 2327,1831 2327,1771"/>
                    <TextEquiv>
                        <Unicode>ganz</Unicode>
                    </TextEquiv>
                </Word>
                <TextEquiv>
                    <Unicode>als er sollte. Ich ging zu ihm, und stellte ihm ganz</Unicode>
                </TextEquiv>
            </TextLine>
            <TextLine id="r_11_tl_32" custom="readingOrder {index:31;}">
                <Coords points="1326,1861 2339,1873 2304,1818 2051,1841 1948,1808 1326,1808"/>
                <Baseline points="1340,1845 1385,1842 1430,1845 1474,1845 1519,1845 1564,1845 1609,1848 1653,1848 1698,1848 1743,1851 1788,1851 1833,1851 1877,1851 1922,1854 1967,1857 2012,1859 2057,1859 2101,1859 2146,1859 2191,1859 2236,1862 2280,1862 2325,1862 2343,1862"/>
                <Word id="r_11_tl_32_w1" custom="readingOrder {index:0;}">
                    <Coords points="1327,1805 1327,1865 1546,1865 1546,1805"/>
                    <TextEquiv>
                        <Unicode>sanftmuthig</Unicode>
                    </TextEquiv>
                </Word>
                <Word id="r_11_tl_32_w2" custom="readingOrder {index:1;}">
                    <Coords points="1570,1808 1570,1868 1651,1868 1651,1808"/>
                    <TextEquiv>
                        <Unicode>seine</Unicode>
                    </TextEquiv>
                </Word>
                <Word id="r_11_tl_32_w3" custom="readingOrder {index:2;}">
                    <Coords points="1675,1811 1675,1871 1953,1871 1953,1811"/>
                    <TextEquiv>
                        <Unicode>Ungerechtigkeit</Unicode>
                    </TextEquiv>
                </Word>
                <Word id="r_11_tl_32_w4" custom="readingOrder {index:3;}">
                    <Coords points="1971,1818 1971,1878 2045,1878 2045,1818"/>
                    <TextEquiv>
                        <Unicode>vor.</Unicode>
                    </TextEquiv>
                </Word>
                <Word id="r_11_tl_32_w5" custom="readingOrder {index:4;}">
                    <Coords points="2093,1819 2093,1879 2179,1879 2179,1819"/>
                    <TextEquiv>
                        <Unicode>Aber</Unicode>
                    </TextEquiv>
                </Word>
                <Word id="r_11_tl_32_w6" custom="readingOrder {index:5;}">
                    <Coords points="2209,1821 2209,1881 2237,1881 2237,1821"/>
                    <TextEquiv>
                        <Unicode>er</Unicode>
                    </TextEquiv>
                </Word>
                <Word id="r_11_tl_32_w7" custom="readingOrder {index:6;}">
                    <Coords points="2267,1822 2267,1882 2335,1882 2335,1822"/>
                    <TextEquiv>
                        <Unicode>ant¬</Unicode>
                    </TextEquiv>
                </Word>
                <TextEquiv>
                    <Unicode>sanftmuthig seine Ungerechtigkeit vor. Aber er ant¬</Unicode>
                </TextEquiv>
            </TextLine>
            <TextLine id="r_11_tl_33" custom="readingOrder {index:32;}">
                <Coords points="1318,1898 2279,1931 2331,1923 2331,1871 1316,1861"/>
                <Baseline points="1331,1892 1376,1895 1421,1895 1465,1895 1510,1898 1555,1898 1600,1898 1645,1901 1689,1901 1734,1901 1779,1904 1824,1904 1868,1907 1913,1907 1958,1907 2003,1910 2048,1910 2092,1913 2137,1913 2182,1913 2227,1913 2271,1910 2316,1913 2337,1910"/>
                <Word id="r_11_tl_33_w1" custom="readingOrder {index:0;}">
                    <Coords points="1323,1855 1323,1915 1453,1915 1453,1855"/>
                    <TextEquiv>
                        <Unicode>wortete</Unicode>
                    </TextEquiv>
                </Word>
                <Word id="r_11_tl_33_w2" custom="readingOrder {index:1;}">
                    <Coords points="1476,1857 1476,1917 1532,1917 1532,1857"/>
                    <TextEquiv>
                        <Unicode>mit</Unicode>
                    </TextEquiv>
                </Word>
                <Word id="r_11_tl_33_w3" custom="readingOrder {index:2;}">
                    <Coords points="1556,1861 1556,1921 1782,1921 1782,1861"/>
                    <TextEquiv>
                        <Unicode>Schimpfen,</Unicode>
                    </TextEquiv>
                </Word>
                <Word id="r_11_tl_33_w4" custom="readingOrder {index:3;}">
                    <Coords points="1806,1865 1806,1925 1885,1925 1885,1865"/>
                    <TextEquiv>
                        <Unicode>mein</Unicode>
                    </TextEquiv>
                </Word>
                <Word id="r_11_tl_33_w5" custom="readingOrder {index:4;}">
                    <Coords points="1914,1870 1914,1930 2175,1930 2175,1870"/>
                    <TextEquiv>
                        <Unicode>Stillschweigen</Unicode>
                    </TextEquiv>
                </Word>
                <Word id="r_11_tl_33_w6" custom="readingOrder {index:5;}">
                    <Coords points="2204,1870 2204,1930 2323,1930 2323,1870"/>
                    <TextEquiv>
                        <Unicode>machte</Unicode>
                    </TextEquiv>
                </Word>
                <TextEquiv>
                    <Unicode>wortete mit Schimpfen, mein Stillschweigen machte</Unicode>
                </TextEquiv>
            </TextLine>
            <TextLine id="r_11_tl_34" custom="readingOrder {index:33;}">
                <Coords points="1318,1956 2331,1968 2311,1921 1633,1933 1318,1898"/>
                <Baseline points="1331,1946 1376,1946 1421,1949 1465,1952 1510,1952 1555,1952 1600,1952 1645,1952 1689,1952 1734,1955 1779,1955 1824,1955 1868,1955 1913,1958 1958,1958 2003,1961 2048,1961 2092,1964 2137,1964 2182,1964 2227,1961 2271,1961 2316,1961 2337,1961"/>
                <Word id="r_11_tl_34_w1" custom="readingOrder {index:0;}">
                    <Coords points="1324,1906 1324,1966 1373,1966 1373,1906"/>
                    <TextEquiv>
                        <Unicode>ihn</Unicode>
                    </TextEquiv>
                </Word>
                <Word id="r_11_tl_34_w2" custom="readingOrder {index:1;}">
                    <Coords points="1407,1910 1407,1970 1473,1970 1473,1910"/>
                    <TextEquiv>
                        <Unicode>noch</Unicode>
                    </TextEquiv>
                </Word>
                <Word id="r_11_tl_34_w3" custom="readingOrder {index:2;}">
                    <Coords points="1501,1912 1501,1972 1622,1972 1622,1912"/>
                    <TextEquiv>
                        <Unicode>kecker,</Unicode>
                    </TextEquiv>
                </Word>
                <Word id="r_11_tl_34_w4" custom="readingOrder {index:3;}">
                    <Coords points="1650,1912 1650,1972 1677,1972 1677,1912"/>
                    <TextEquiv>
                        <Unicode>er</Unicode>
                    </TextEquiv>
                </Word>
                <Word id="r_11_tl_34_w5" custom="readingOrder {index:4;}">
                    <Coords points="1700,1914 1700,1974 1754,1974 1754,1914"/>
                    <TextEquiv>
                        <Unicode>siel</Unicode>
                    </TextEquiv>
                </Word>
                <Word id="r_11_tl_34_w6" custom="readingOrder {index:5;}">
                    <Coords points="1777,1915 1777,1975 1848,1975 1848,1915"/>
                    <TextEquiv>
                        <Unicode>über</Unicode>
                    </TextEquiv>
                </Word>
                <Word id="r_11_tl_34_w7" custom="readingOrder {index:6;}">
                    <Coords points="1882,1918 1882,1978 1953,1978 1953,1918"/>
                    <TextEquiv>
                        <Unicode>mich</Unicode>
                    </TextEquiv>
                </Word>
                <Word id="r_11_tl_34_w8" custom="readingOrder {index:7;}">
                    <Coords points="1987,1921 1987,1981 2047,1981 2047,1921"/>
                    <TextEquiv>
                        <Unicode>mit</Unicode>
                    </TextEquiv>
                </Word>
                <Word id="r_11_tl_34_w9" custom="readingOrder {index:8;}">
                    <Coords points="2075,1924 2075,1984 2174,1984 2174,1924"/>
                    <TextEquiv>
                        <Unicode>seiner</Unicode>
                    </TextEquiv>
                </Word>
                <Word id="r_11_tl_34_w10" custom="readingOrder {index:9;}">
                    <Coords points="2197,1921 2197,1981 2329,1981 2329,1921"/>
                    <TextEquiv>
                        <Unicode>Heuga¬</Unicode>
                    </TextEquiv>
                </Word>
                <TextEquiv>
                    <Unicode>ihn noch kecker, er siel über mich mit seiner Heuga¬</Unicode>
                </TextEquiv>
            </TextLine>
            <TextLine id="r_11_tl_35" custom="readingOrder {index:34;}">
                <Coords points="1321,2011 2331,2021 2331,1971 1321,1956"/>
                <Baseline points="1334,2000 1379,2000 1424,2000 1468,2003 1513,2003 1558,2003 1603,2003 1648,2003 1692,2000 1737,2003 1782,2003 1827,2006 1871,2006 1916,2006 1961,2009 2006,2009 2051,2009 2095,2012 2140,2012 2185,2006 2230,2009 2274,2009 2319,2009 2337,2012"/>
                <Word id="r_11_tl_35_w1" custom="readingOrder {index:0;}">
                    <Coords points="1326,1960 1326,2020 1378,2020 1378,1960"/>
                    <TextEquiv>
                        <Unicode>bel</Unicode>
                    </TextEquiv>
                </Word>
                <Word id="r_11_tl_35_w2" custom="readingOrder {index:1;}">
                    <Coords points="1405,1961 1405,2021 1484,2021 1484,1961"/>
                    <TextEquiv>
                        <Unicode>her,</Unicode>
                    </TextEquiv>
                </Word>
                <Word id="r_11_tl_35_w3" custom="readingOrder {index:2;}">
                    <Coords points="1511,1963 1511,2023 1568,2023 1568,1963"/>
                    <TextEquiv>
                        <Unicode>und</Unicode>
                    </TextEquiv>
                </Word>
                <Word id="r_11_tl_35_w4" custom="readingOrder {index:3;}">
                    <Coords points="1606,1963 1606,2023 1663,2023 1663,1963"/>
                    <TextEquiv>
                        <Unicode>gab</Unicode>
                    </TextEquiv>
                </Word>
                <Word id="r_11_tl_35_w5" custom="readingOrder {index:4;}">
                    <Coords points="1696,1962 1696,2022 1758,2022 1758,1962"/>
                    <TextEquiv>
                        <Unicode>mir</Unicode>
                    </TextEquiv>
                </Word>
                <Word id="r_11_tl_35_w6" custom="readingOrder {index:5;}">
                    <Coords points="1785,1966 1785,2026 1986,2026 1986,1966"/>
                    <TextEquiv>
                        <Unicode>verschiedne</Unicode>
                    </TextEquiv>
                </Word>
                <Word id="r_11_tl_35_w7" custom="readingOrder {index:6;}">
                    <Coords points="2013,1971 2013,2031 2149,2031 2149,1971"/>
                    <TextEquiv>
                        <Unicode>Stiche,</Unicode>
                    </TextEquiv>
                </Word>
                <Word id="r_11_tl_35_w8" custom="readingOrder {index:7;}">
                    <Coords points="2171,1966 2171,2026 2186,2026 2186,1966"/>
                    <TextEquiv>
                        <Unicode>—</Unicode>
                    </TextEquiv>
                </Word>
                <Word id="r_11_tl_35_w9" custom="readingOrder {index:8;}">
                    <Coords points="2250,1969 2250,2029 2323,2029 2323,1969"/>
                    <TextEquiv>
                        <Unicode>hier</Unicode>
                    </TextEquiv>
                </Word>
                <TextEquiv>
                    <Unicode>bel her, und gab mir verschiedne Stiche, — hier</Unicode>
                </TextEquiv>
            </TextLine>
            <TextLine id="r_11_tl_36" custom="readingOrder {index:35;}">
                <Coords points="1326,2064 2319,2069 2319,2019 2201,2009 1808,2034 1326,2009"/>
                <Baseline points="1340,2051 1385,2048 1430,2051 1474,2051 1519,2054 1564,2051 1609,2051 1653,2054 1698,2051 1743,2054 1788,2051 1833,2054 1877,2057 1922,2054 1967,2057 2012,2060 2057,2060 2101,2060 2146,2060 2191,2057 2236,2060 2280,2060 2325,2060 2328,2057"/>
                <Word id="r_11_tl_36_w1" custom="readingOrder {index:0;}">
                    <Coords points="1332,2009 1332,2069 1392,2069 1392,2009"/>
                    <TextEquiv>
                        <Unicode>sind</Unicode>
                    </TextEquiv>
                </Word>
                <Word id="r_11_tl_36_w2" custom="readingOrder {index:1;}">
                    <Coords points="1415,2011 1415,2071 1464,2071 1464,2011"/>
                    <TextEquiv>
                        <Unicode>die</Unicode>
                    </TextEquiv>
                </Word>
                <Word id="r_11_tl_36_w3" custom="readingOrder {index:2;}">
                    <Coords points="1487,2012 1487,2072 1608,2072 1608,2012"/>
                    <TextEquiv>
                        <Unicode>Zeichen</Unicode>
                    </TextEquiv>
                </Word>
                <Word id="r_11_tl_36_w4" custom="readingOrder {index:3;}">
                    <Coords points="1641,2011 1641,2071 1735,2071 1735,2011"/>
                    <TextEquiv>
                        <Unicode>davon</Unicode>
                    </TextEquiv>
                </Word>
                <Word id="r_11_tl_36_w5" custom="readingOrder {index:4;}">
                    <Coords points="1774,2011 1774,2071 1785,2071 1785,2011"/>
                    <TextEquiv>
                        <Unicode>—</Unicode>
                    </TextEquiv>
                </Word>
                <Word id="r_11_tl_36_w6" custom="readingOrder {index:5;}">
                    <Coords points="1847,2017 1847,2077 1907,2077 1907,2017"/>
                    <TextEquiv>
                        <Unicode>Ich</Unicode>
                    </TextEquiv>
                </Word>
                <Word id="r_11_tl_36_w7" custom="readingOrder {index:6;}">
                    <Coords points="1935,2017 1935,2077 2001,2077 2001,2017"/>
                    <TextEquiv>
                        <Unicode>war</Unicode>
                    </TextEquiv>
                </Word>
                <Word id="r_11_tl_36_w8" custom="readingOrder {index:7;}">
                    <Coords points="2029,2020 2029,2080 2106,2080 2106,2020"/>
                    <TextEquiv>
                        <Unicode>ohne</Unicode>
                    </TextEquiv>
                </Word>
                <Word id="r_11_tl_36_w9" custom="readingOrder {index:8;}">
                    <Coords points="2123,2017 2123,2077 2244,2077 2244,2017"/>
                    <TextEquiv>
                        <Unicode>Waffen</Unicode>
                    </TextEquiv>
                </Word>
                <Word id="r_11_tl_36_w10" custom="readingOrder {index:9;}">
                    <Coords points="2273,2020 2273,2080 2311,2080 2311,2020"/>
                    <TextEquiv>
                        <Unicode>un</Unicode>
                    </TextEquiv>
                </Word>
                <TextEquiv>
                    <Unicode>sind die Zeichen davon — Ich war ohne Waffen un</Unicode>
                </TextEquiv>
            </TextLine>
            <TextLine id="r_11_tl_37" custom="readingOrder {index:36;}">
                <Coords points="1321,2106 2324,2124 2324,2071 2284,2066 1321,2066"/>
                <Baseline points="1334,2098 1379,2095 1424,2098 1468,2098 1513,2098 1558,2098 1603,2101 1648,2101 1692,2101 1737,2101 1782,2104 1827,2101 1871,2104 1916,2104 1961,2104 2006,2107 2051,2107 2095,2107 2140,2107 2185,2107 2230,2107 2274,2104 2319,2107 2331,2107"/>
                <Word id="r_11_tl_37_w1" custom="readingOrder {index:0;}">
                    <Coords points="1326,2057 1326,2117 1370,2117 1370,2057"/>
                    <TextEquiv>
                        <Unicode>ter</Unicode>
                    </TextEquiv>
                </Word>
                <Word id="r_11_tl_37_w2" custom="readingOrder {index:1;}">
                    <Coords points="1396,2057 1396,2117 1446,2117 1446,2057"/>
                    <TextEquiv>
                        <Unicode>den</Unicode>
                    </TextEquiv>
                </Word>
                <Word id="r_11_tl_37_w3" custom="readingOrder {index:2;}">
                    <Coords points="1476,2058 1476,2118 1612,2118 1612,2058"/>
                    <TextEquiv>
                        <Unicode>Händen</Unicode>
                    </TextEquiv>
                </Word>
                <Word id="r_11_tl_37_w4" custom="readingOrder {index:3;}">
                    <Coords points="1643,2061 1643,2121 1728,2121 1728,2061"/>
                    <TextEquiv>
                        <Unicode>eines</Unicode>
                    </TextEquiv>
                </Word>
                <Word id="r_11_tl_37_w5" custom="readingOrder {index:4;}">
                    <Coords points="1754,2062 1754,2122 1955,2122 1955,2062"/>
                    <TextEquiv>
                        <Unicode>Rasenden,</Unicode>
                    </TextEquiv>
                </Word>
                <Word id="r_11_tl_37_w6" custom="readingOrder {index:5;}">
                    <Coords points="1980,2066 1980,2126 2015,2126 2015,2066"/>
                    <TextEquiv>
                        <Unicode>um</Unicode>
                    </TextEquiv>
                </Word>
                <Word id="r_11_tl_37_w7" custom="readingOrder {index:6;}">
                    <Coords points="2056,2067 2056,2127 2126,2127 2126,2067"/>
                    <TextEquiv>
                        <Unicode>mich</Unicode>
                    </TextEquiv>
                </Word>
                <Word id="r_11_tl_37_w8" custom="readingOrder {index:7;}">
                    <Coords points="2157,2067 2157,2127 2181,2127 2181,2067"/>
                    <TextEquiv>
                        <Unicode>zu</Unicode>
                    </TextEquiv>
                </Word>
                <Word id="r_11_tl_37_w9" custom="readingOrder {index:8;}">
                    <Coords points="2212,2064 2212,2124 2327,2124 2327,2064"/>
                    <TextEquiv>
                        <Unicode>retten,</Unicode>
                    </TextEquiv>
                </Word>
                <TextEquiv>
                    <Unicode>ter den Händen eines Rasenden, um mich zu retten,</Unicode>
                </TextEquiv>
            </TextLine>
            <TextLine id="r_11_tl_38" custom="readingOrder {index:37;}">
                <Coords points="1326,2161 2244,2179 2331,2169 2331,2124 1323,2106"/>
                <Baseline points="1340,2149 1385,2146 1430,2146 1474,2146 1519,2146 1564,2149 1609,2149 1653,2149 1698,2149 1743,2149 1788,2152 1833,2152 1877,2152 1922,2155 1967,2155 2012,2158 2057,2158 2101,2158 2146,2158 2191,2158 2236,2158 2280,2155 2325,2158 2337,2161"/>
                <Word id="r_11_tl_38_w1" custom="readingOrder {index:0;}">
                    <Coords points="1328,2106 1328,2166 1423,2166 1423,2106"/>
                    <TextEquiv>
                        <Unicode>suchte</Unicode>
                    </TextEquiv>
                </Word>
                <Word id="r_11_tl_38_w2" custom="readingOrder {index:1;}">
                    <Coords points="1444,2106 1444,2166 1481,2166 1481,2106"/>
                    <TextEquiv>
                        <Unicode>ich</Unicode>
                    </TextEquiv>
                </Word>
                <Word id="r_11_tl_38_w3" custom="readingOrder {index:2;}">
                    <Coords points="1514,2107 1514,2167 1561,2167 1561,2107"/>
                    <TextEquiv>
                        <Unicode>die</Unicode>
                    </TextEquiv>
                </Word>
                <Word id="r_11_tl_38_w4" custom="readingOrder {index:3;}">
                    <Coords points="1582,2109 1582,2169 1751,2169 1751,2109"/>
                    <TextEquiv>
                        <Unicode>Heugabel</Unicode>
                    </TextEquiv>
                </Word>
                <Word id="r_11_tl_38_w5" custom="readingOrder {index:4;}">
                    <Coords points="1773,2112 1773,2172 1820,2172 1820,2112"/>
                    <TextEquiv>
                        <Unicode>ihm</Unicode>
                    </TextEquiv>
                </Word>
                <Word id="r_11_tl_38_w6" custom="readingOrder {index:5;}">
                    <Coords points="1863,2112 1863,2172 1889,2172 1889,2112"/>
                    <TextEquiv>
                        <Unicode>zu</Unicode>
                    </TextEquiv>
                </Word>
                <Word id="r_11_tl_38_w7" custom="readingOrder {index:6;}">
                    <Coords points="1916,2118 1916,2178 2127,2178 2127,2118"/>
                    <TextEquiv>
                        <Unicode>entwinden,</Unicode>
                    </TextEquiv>
                </Word>
                <Word id="r_11_tl_38_w8" custom="readingOrder {index:7;}">
                    <Coords points="2154,2118 2154,2178 2186,2178 2186,2118"/>
                    <TextEquiv>
                        <Unicode>es</Unicode>
                    </TextEquiv>
                </Word>
                <Word id="r_11_tl_38_w9" custom="readingOrder {index:8;}">
                    <Coords points="2208,2115 2208,2175 2323,2175 2323,2115"/>
                    <TextEquiv>
                        <Unicode>gelung</Unicode>
                    </TextEquiv>
                </Word>
                <TextEquiv>
                    <Unicode>suchte ich die Heugabel ihm zu entwinden, es gelung</Unicode>
                </TextEquiv>
            </TextLine>
            <TextLine id="r_11_tl_39" custom="readingOrder {index:38;}">
                <Coords points="1321,2211 2331,2224 2331,2169 2294,2164 1321,2164"/>
                <Baseline points="1334,2194 1379,2194 1424,2194 1468,2194 1513,2194 1558,2194 1603,2194 1648,2197 1692,2197 1737,2197 1782,2197 1827,2197 1871,2200 1916,2203 1961,2203 2006,2206 2051,2206 2095,2206 2140,2206 2185,2209 2230,2209 2274,2209 2319,2209 2337,2209"/>
                <Word id="r_11_tl_39_w1" custom="readingOrder {index:0;}">
                    <Coords points="1327,2154 1327,2214 1413,2214 1413,2154"/>
                    <TextEquiv>
                        <Unicode>mir,</Unicode>
                    </TextEquiv>
                </Word>
                <Word id="r_11_tl_39_w2" custom="readingOrder {index:1;}">
                    <Coords points="1440,2154 1440,2214 1467,2214 1467,2154"/>
                    <TextEquiv>
                        <Unicode>er</Unicode>
                    </TextEquiv>
                </Word>
                <Word id="r_11_tl_39_w3" custom="readingOrder {index:2;}">
                    <Coords points="1500,2154 1500,2214 1602,2214 1602,2154"/>
                    <TextEquiv>
                        <Unicode>wollte</Unicode>
                    </TextEquiv>
                </Word>
                <Word id="r_11_tl_39_w4" custom="readingOrder {index:3;}">
                    <Coords points="1630,2157 1630,2217 1716,2217 1716,2157"/>
                    <TextEquiv>
                        <Unicode>ihrer</Unicode>
                    </TextEquiv>
                </Word>
                <Word id="r_11_tl_39_w5" custom="readingOrder {index:4;}">
                    <Coords points="1749,2157 1749,2217 1868,2217 1868,2157"/>
                    <TextEquiv>
                        <Unicode>wieder</Unicode>
                    </TextEquiv>
                </Word>
                <Word id="r_11_tl_39_w6" custom="readingOrder {index:5;}">
                    <Coords points="1896,2163 1896,2223 2031,2223 2031,2163"/>
                    <TextEquiv>
                        <Unicode>mächtig</Unicode>
                    </TextEquiv>
                </Word>
                <Word id="r_11_tl_39_w7" custom="readingOrder {index:6;}">
                    <Coords points="2058,2166 2058,2226 2204,2226 2204,2166"/>
                    <TextEquiv>
                        <Unicode>werden.</Unicode>
                    </TextEquiv>
                </Word>
                <Word id="r_11_tl_39_w8" custom="readingOrder {index:7;}">
                    <Coords points="2259,2169 2259,2229 2317,2229 2317,2169"/>
                    <TextEquiv>
                        <Unicode>Ich</Unicode>
                    </TextEquiv>
                </Word>
                <TextEquiv>
                    <Unicode>mir, er wollte ihrer wieder mächtig werden. Ich</Unicode>
                </TextEquiv>
            </TextLine>
            <TextLine id="r_11_tl_40" custom="readingOrder {index:39;}">
                <Coords points="1321,2251 2321,2264 2306,2214 1321,2214"/>
                <Baseline points="1334,2242 1379,2242 1424,2242 1468,2242 1513,2242 1558,2242 1603,2242 1648,2245 1692,2245 1737,2245 1782,2245 1827,2248 1871,2248 1916,2251 1961,2248 2006,2254 2051,2254 2095,2257 2140,2257 2185,2257 2230,2254 2274,2254 2319,2254 2328,2254"/>
                <Word id="r_11_tl_40_w1" custom="readingOrder {index:0;}">
                    <Coords points="1326,2202 1326,2262 1532,2262 1532,2202"/>
                    <TextEquiv>
                        <Unicode>verwundete</Unicode>
                    </TextEquiv>
                </Word>
                <Word id="r_11_tl_40_w2" custom="readingOrder {index:1;}">
                    <Coords points="1553,2202 1553,2262 1605,2262 1605,2202"/>
                    <TextEquiv>
                        <Unicode>ihn</Unicode>
                    </TextEquiv>
                </Word>
                <Word id="r_11_tl_40_w3" custom="readingOrder {index:2;}">
                    <Coords points="1638,2205 1638,2265 1769,2265 1769,2205"/>
                    <TextEquiv>
                        <Unicode>darüber</Unicode>
                    </TextEquiv>
                </Word>
                <Word id="r_11_tl_40_w4" custom="readingOrder {index:3;}">
                    <Coords points="1796,2208 1796,2268 1886,2268 1886,2208"/>
                    <TextEquiv>
                        <Unicode>mehr</Unicode>
                    </TextEquiv>
                </Word>
                <Word id="r_11_tl_40_w5" custom="readingOrder {index:4;}">
                    <Coords points="1907,2210 1907,2270 1954,2270 1954,2210"/>
                    <TextEquiv>
                        <Unicode>als</Unicode>
                    </TextEquiv>
                </Word>
                <Word id="r_11_tl_40_w6" custom="readingOrder {index:5;}">
                    <Coords points="1976,2212 1976,2272 2013,2272 2013,2212"/>
                    <TextEquiv>
                        <Unicode>ich</Unicode>
                    </TextEquiv>
                </Word>
                <Word id="r_11_tl_40_w7" custom="readingOrder {index:6;}">
                    <Coords points="2045,2217 2045,2277 2229,2277 2229,2217"/>
                    <TextEquiv>
                        <Unicode>gewünscht</Unicode>
                    </TextEquiv>
                </Word>
                <Word id="r_11_tl_40_w8" custom="readingOrder {index:7;}">
                    <Coords points="2256,2214 2256,2274 2313,2274 2313,2214"/>
                    <TextEquiv>
                        <Unicode>hät</Unicode>
                    </TextEquiv>
                </Word>
                <TextEquiv>
                    <Unicode>verwundete ihn darüber mehr als ich gewünscht hät</Unicode>
                </TextEquiv>
            </TextLine>
            <TextLine id="r_11_tl_41" custom="readingOrder {index:40;}">
                <Coords points="1313,2294 2324,2309 2321,2264 1311,2259"/>
                <Baseline points="1325,2289 1370,2292 1415,2286 1459,2292 1504,2289 1549,2289 1594,2289 1639,2289 1683,2292 1728,2292 1773,2295 1818,2295 1862,2295 1907,2298 1952,2298 1997,2298 2042,2301 2086,2301 2131,2304 2176,2301 2221,2304 2266,2301 2310,2301 2331,2298"/>
                <Word id="r_11_tl_41_w1" custom="readingOrder {index:0;}">
                    <Coords points="1311,2249 1311,2309 1358,2309 1358,2249"/>
                    <TextEquiv>
                        <Unicode>te.</Unicode>
                    </TextEquiv>
                </Word>
                <Word id="r_11_tl_41_w2" custom="readingOrder {index:1;}">
                    <Coords points="1412,2248 1412,2308 1460,2308 1460,2248"/>
                    <TextEquiv>
                        <Unicode>Er</Unicode>
                    </TextEquiv>
                </Word>
                <Word id="r_11_tl_41_w3" custom="readingOrder {index:2;}">
                    <Coords points="1482,2249 1482,2309 1519,2309 1519,2249"/>
                    <TextEquiv>
                        <Unicode>ist</Unicode>
                    </TextEquiv>
                </Word>
                <Word id="r_11_tl_41_w4" custom="readingOrder {index:3;}">
                    <Coords points="1536,2249 1536,2309 1610,2309 1610,2249"/>
                    <TextEquiv>
                        <Unicode>dran</Unicode>
                    </TextEquiv>
                </Word>
                <Word id="r_11_tl_41_w5" custom="readingOrder {index:4;}">
                    <Coords points="1638,2252 1638,2312 1819,2312 1819,2252"/>
                    <TextEquiv>
                        <Unicode>gestorben.</Unicode>
                    </TextEquiv>
                </Word>
                <Word id="r_11_tl_41_w6" custom="readingOrder {index:5;}">
                    <Coords points="1873,2258 1873,2318 1995,2318 1995,2258"/>
                    <TextEquiv>
                        <Unicode>Meine</Unicode>
                    </TextEquiv>
                </Word>
                <Word id="r_11_tl_41_w7" custom="readingOrder {index:6;}">
                    <Coords points="2012,2261 2012,2321 2166,2321 2166,2261"/>
                    <TextEquiv>
                        <Unicode>Unschuld</Unicode>
                    </TextEquiv>
                </Word>
                <Word id="r_11_tl_41_w8" custom="readingOrder {index:7;}">
                    <Coords points="2189,2263 2189,2323 2252,2323 2252,2263"/>
                    <TextEquiv>
                        <Unicode>und</Unicode>
                    </TextEquiv>
                </Word>
                <Word id="r_11_tl_41_w9" custom="readingOrder {index:8;}">
                    <Coords points="2280,2261 2280,2321 2322,2321 2322,2261"/>
                    <TextEquiv>
                        <Unicode>die</Unicode>
                    </TextEquiv>
                </Word>
                <TextEquiv>
                    <Unicode>te. Er ist dran gestorben. Meine Unschuld und die</Unicode>
                </TextEquiv>
            </TextLine>
            <TextLine id="r_11_tl_42" custom="readingOrder {index:41;}">
                <Coords points="1311,2356 2321,2366 2321,2309 2261,2304 1311,2296"/>
                <Baseline points="1325,2340 1370,2340 1415,2340 1459,2340 1504,2340 1549,2340 1594,2340 1639,2340 1683,2340 1728,2343 1773,2343 1818,2346 1862,2346 1907,2346 1952,2346 1997,2346 2042,2349 2086,2349 2131,2349 2176,2349 2221,2346 2266,2346 2310,2349 2328,2349"/>
                <Word id="r_11_tl_42_w1" custom="readingOrder {index:0;}">
                    <Coords points="1317,2300 1317,2360 1606,2360 1606,2300"/>
                    <TextEquiv>
                        <Unicode>Rechtmäßigkeit</Unicode>
                    </TextEquiv>
                </Word>
                <Word id="r_11_tl_42_w2" custom="readingOrder {index:1;}">
                    <Coords points="1623,2300 1623,2360 1740,2360 1740,2300"/>
                    <TextEquiv>
                        <Unicode>meiner</Unicode>
                    </TextEquiv>
                </Word>
                <Word id="r_11_tl_42_w3" custom="readingOrder {index:2;}">
                    <Coords points="1763,2306 1763,2366 1973,2366 1973,2306"/>
                    <TextEquiv>
                        <Unicode>Gegenwehr</Unicode>
                    </TextEquiv>
                </Word>
                <Word id="r_11_tl_42_w4" custom="readingOrder {index:3;}">
                    <Coords points="1996,2309 1996,2369 2102,2369 2102,2309"/>
                    <TextEquiv>
                        <Unicode>hätten</Unicode>
                    </TextEquiv>
                </Word>
                <Word id="r_11_tl_42_w5" custom="readingOrder {index:4;}">
                    <Coords points="2136,2309 2136,2369 2207,2369 2207,2309"/>
                    <TextEquiv>
                        <Unicode>mich</Unicode>
                    </TextEquiv>
                </Word>
                <Word id="r_11_tl_42_w6" custom="readingOrder {index:5;}">
                    <Coords points="2230,2306 2230,2366 2319,2366 2319,2306"/>
                    <TextEquiv>
                        <Unicode>wohl</Unicode>
                    </TextEquiv>
                </Word>
                <TextEquiv>
                    <Unicode>Rechtmäßigkeit meiner Gegenwehr hätten mich wohl</Unicode>
                </TextEquiv>
            </TextLine>
            <TextLine id="r_11_tl_43" custom="readingOrder {index:42;}">
                <Coords points="1321,2409 2324,2409 2324,2366 2266,2354 1321,2351"/>
                <Baseline points="1334,2391 1379,2391 1424,2391 1468,2391 1513,2388 1558,2388 1603,2388 1648,2388 1692,2388 1737,2391 1782,2394 1827,2394 1871,2394 1916,2394 1961,2397 2006,2397 2051,2394 2095,2397 2140,2397 2185,2397 2230,2394 2274,2397 2319,2397 2331,2394"/>
                <Word id="r_11_tl_43_w1" custom="readingOrder {index:0;}">
                    <Coords points="1327,2351 1327,2411 1382,2411 1382,2351"/>
                    <TextEquiv>
                        <Unicode>vor</Unicode>
                    </TextEquiv>
                </Word>
                <Word id="r_11_tl_43_w2" custom="readingOrder {index:1;}">
                    <Coords points="1410,2351 1410,2411 1464,2411 1464,2351"/>
                    <TextEquiv>
                        <Unicode>der</Unicode>
                    </TextEquiv>
                </Word>
                <Word id="r_11_tl_43_w3" custom="readingOrder {index:2;}">
                    <Coords points="1493,2348 1493,2408 1702,2408 1702,2348"/>
                    <TextEquiv>
                        <Unicode>Todesstrafe</Unicode>
                    </TextEquiv>
                </Word>
                <Word id="r_11_tl_43_w4" custom="readingOrder {index:3;}">
                    <Coords points="1730,2354 1730,2414 1912,2414 1912,2354"/>
                    <TextEquiv>
                        <Unicode>geschützt,</Unicode>
                    </TextEquiv>
                </Word>
                <Word id="r_11_tl_43_w5" custom="readingOrder {index:4;}">
                    <Coords points="1952,2357 1952,2417 2023,2417 2023,2357"/>
                    <TextEquiv>
                        <Unicode>aber</Unicode>
                    </TextEquiv>
                </Word>
                <Word id="r_11_tl_43_w6" custom="readingOrder {index:5;}">
                    <Coords points="2051,2355 2051,2415 2084,2415 2084,2355"/>
                    <TextEquiv>
                        <Unicode>es</Unicode>
                    </TextEquiv>
                </Word>
                <Word id="r_11_tl_43_w7" custom="readingOrder {index:6;}">
                    <Coords points="2117,2357 2117,2417 2205,2417 2205,2357"/>
                    <TextEquiv>
                        <Unicode>hätte</Unicode>
                    </TextEquiv>
                </Word>
                <Word id="r_11_tl_43_w8" custom="readingOrder {index:7;}">
                    <Coords points="2233,2356 2233,2416 2310,2416 2310,2356"/>
                    <TextEquiv>
                        <Unicode>mein</Unicode>
                    </TextEquiv>
                </Word>
                <TextEquiv>
                    <Unicode>vor der Todesstrafe geschützt, aber es hätte mein</Unicode>
                </TextEquiv>
            </TextLine>
            <TextLine id="r_11_tl_44" custom="readingOrder {index:43;}">
                <Coords points="1323,2449 2324,2459 2321,2409 2281,2401 1321,2406"/>
                <Baseline points="1334,2439 1379,2439 1424,2439 1468,2439 1513,2439 1558,2436 1603,2436 1648,2439 1692,2439 1737,2442 1782,2445 1827,2445 1871,2442 1916,2445 1961,2442 2006,2445 2051,2445 2095,2448 2140,2448 2185,2448 2230,2445 2274,2445 2319,2445 2331,2448"/>
                <Word id="r_11_tl_44_w1" custom="readingOrder {index:0;}">
                    <Coords points="1326,2399 1326,2459 1384,2459 1384,2399"/>
                    <TextEquiv>
                        <Unicode>und</Unicode>
                    </TextEquiv>
                </Word>
                <Word id="r_11_tl_44_w2" custom="readingOrder {index:1;}">
                    <Coords points="1422,2399 1422,2459 1542,2459 1542,2399"/>
                    <TextEquiv>
                        <Unicode>meiner</Unicode>
                    </TextEquiv>
                </Word>
                <Word id="r_11_tl_44_w3" custom="readingOrder {index:2;}">
                    <Coords points="1570,2398 1570,2458 1696,2458 1696,2398"/>
                    <TextEquiv>
                        <Unicode>Kinder</Unicode>
                    </TextEquiv>
                </Word>
                <Word id="r_11_tl_44_w4" custom="readingOrder {index:3;}">
                    <Coords points="1724,2405 1724,2465 1909,2465 1909,2405"/>
                    <TextEquiv>
                        <Unicode>Vermögen</Unicode>
                    </TextEquiv>
                </Word>
                <Word id="r_11_tl_44_w5" custom="readingOrder {index:4;}">
                    <Coords points="1941,2405 1941,2465 2100,2465 2100,2405"/>
                    <TextEquiv>
                        <Unicode>gekostet,</Unicode>
                    </TextEquiv>
                </Word>
                <Word id="r_11_tl_44_w6" custom="readingOrder {index:5;}">
                    <Coords points="2132,2408 2132,2468 2168,2468 2168,2408"/>
                    <TextEquiv>
                        <Unicode>um</Unicode>
                    </TextEquiv>
                </Word>
                <Word id="r_11_tl_44_w7" custom="readingOrder {index:6;}">
                    <Coords points="2222,2405 2222,2465 2316,2465 2316,2405"/>
                    <TextEquiv>
                        <Unicode>diesen</Unicode>
                    </TextEquiv>
                </Word>
                <TextEquiv>
                    <Unicode>und meiner Kinder Vermögen gekostet, um diesen</Unicode>
                </TextEquiv>
            </TextLine>
            <TextLine id="r_11_tl_45" custom="readingOrder {index:44;}">
                <Coords points="1313,2496 2324,2506 2299,2451 1313,2454"/>
                <Baseline points="1328,2489 1373,2489 1418,2489 1462,2489 1507,2489 1552,2486 1597,2486 1642,2486 1686,2489 1731,2492 1776,2492 1821,2495 1865,2495 1910,2495 1955,2495 2000,2495 2045,2495 2089,2501 2134,2498 2179,2495 2224,2498 2269,2495 2313,2498 2331,2495"/>
                <Word id="r_11_tl_45_w1" custom="readingOrder {index:0;}">
                    <Coords points="1319,2449 1319,2509 1580,2509 1580,2449"/>
                    <TextEquiv>
                        <Unicode>unvorsätzlichen</Unicode>
                    </TextEquiv>
                </Word>
                <Word id="r_11_tl_45_w2" custom="readingOrder {index:1;}">
                    <Coords points="1614,2447 1614,2507 1714,2507 1714,2447"/>
                    <TextEquiv>
                        <Unicode>Mord</Unicode>
                    </TextEquiv>
                </Word>
                <Word id="r_11_tl_45_w3" custom="readingOrder {index:2;}">
                    <Coords points="1737,2452 1737,2512 1798,2512 1798,2452"/>
                    <TextEquiv>
                        <Unicode>gut</Unicode>
                    </TextEquiv>
                </Word>
                <Word id="r_11_tl_45_w4" custom="readingOrder {index:3;}">
                    <Coords points="1815,2455 1815,2515 1848,2515 1848,2455"/>
                    <TextEquiv>
                        <Unicode>zu</Unicode>
                    </TextEquiv>
                </Word>
                <Word id="r_11_tl_45_w5" custom="readingOrder {index:4;}">
                    <Coords points="1876,2455 1876,2515 2020,2515 2020,2455"/>
                    <TextEquiv>
                        <Unicode>machen.</Unicode>
                    </TextEquiv>
                </Word>
                <Word id="r_11_tl_45_w6" custom="readingOrder {index:5;}">
                    <Coords points="2071,2457 2071,2517 2227,2517 2227,2457"/>
                    <TextEquiv>
                        <Unicode>Indessen</Unicode>
                    </TextEquiv>
                </Word>
                <Word id="r_11_tl_45_w7" custom="readingOrder {index:6;}">
                    <Coords points="2255,2456 2255,2516 2321,2516 2321,2456"/>
                    <TextEquiv>
                        <Unicode>war</Unicode>
                    </TextEquiv>
                </Word>
                <TextEquiv>
                    <Unicode>unvorsätzlichen Mord gut zu machen. Indessen war</Unicode>
                </TextEquiv>
            </TextLine>
            <TextLine id="r_11_tl_46" custom="readingOrder {index:45;}">
                <Coords points="1321,2556 2321,2554 2321,2504 2266,2501 2229,2529 2039,2494 1321,2501"/>
                <Baseline points="1334,2537 1379,2540 1424,2540 1468,2537 1513,2537 1558,2537 1603,2534 1648,2537 1692,2537 1737,2543 1782,2543 1827,2546 1871,2546 1916,2543 1961,2543 2006,2543 2051,2543 2095,2546 2140,2546 2185,2549 2230,2546 2274,2546 2319,2546 2328,2549"/>
                <Word id="r_11_tl_46_w1" custom="readingOrder {index:0;}">
                    <Coords points="1322,2497 1322,2557 1366,2557 1366,2497"/>
                    <TextEquiv>
                        <Unicode>ich</Unicode>
                    </TextEquiv>
                </Word>
                <Word id="r_11_tl_46_w2" custom="readingOrder {index:1;}">
                    <Coords points="1401,2499 1401,2559 1451,2559 1451,2499"/>
                    <TextEquiv>
                        <Unicode>für</Unicode>
                    </TextEquiv>
                </Word>
                <Word id="r_11_tl_46_w3" custom="readingOrder {index:2;}">
                    <Coords points="1480,2497 1480,2557 1531,2557 1531,2497"/>
                    <TextEquiv>
                        <Unicode>den</Unicode>
                    </TextEquiv>
                </Word>
                <Word id="r_11_tl_46_w4" custom="readingOrder {index:3;}">
                    <Coords points="1565,2494 1565,2554 1649,2554 1649,2494"/>
                    <TextEquiv>
                        <Unicode>falsch</Unicode>
                    </TextEquiv>
                </Word>
                <Word id="r_11_tl_46_w5" custom="readingOrder {index:4;}">
                    <Coords points="1684,2503 1684,2563 1887,2563 1887,2503"/>
                    <TextEquiv>
                        <Unicode>angegebnen</Unicode>
                    </TextEquiv>
                </Word>
                <Word id="r_11_tl_46_w6" custom="readingOrder {index:5;}">
                    <Coords points="1923,2503 1923,2563 2052,2563 2052,2503"/>
                    <TextEquiv>
                        <Unicode>äußerst</Unicode>
                    </TextEquiv>
                </Word>
                <Word id="r_11_tl_46_w7" custom="readingOrder {index:6;}">
                    <Coords points="2075,2506 2075,2566 2222,2566 2222,2506"/>
                    <TextEquiv>
                        <Unicode>besorgt,</Unicode>
                    </TextEquiv>
                </Word>
                <Word id="r_11_tl_46_w8" custom="readingOrder {index:7;}">
                    <Coords points="2256,2506 2256,2566 2318,2566 2318,2506"/>
                    <TextEquiv>
                        <Unicode>und</Unicode>
                    </TextEquiv>
                </Word>
                <TextEquiv>
                    <Unicode>ich für den falsch angegebnen äußerst besorgt, und</Unicode>
                </TextEquiv>
            </TextLine>
            <TextLine id="r_11_tl_47" custom="readingOrder {index:46;}">
                <Coords points="1323,2606 2241,2621 2321,2609 2319,2554 1321,2554"/>
                <Baseline points="1334,2588 1379,2588 1424,2588 1468,2588 1513,2588 1558,2585 1603,2585 1648,2585 1692,2588 1737,2588 1782,2594 1827,2594 1871,2594 1916,2594 1961,2594 2006,2594 2051,2597 2095,2597 2140,2600 2185,2600 2230,2597 2274,2597 2319,2597 2325,2597"/>
                <Word id="r_11_tl_47_w1" custom="readingOrder {index:0;}">
                    <Coords points="1327,2548 1327,2608 1412,2608 1412,2548"/>
                    <TextEquiv>
                        <Unicode>wåre</Unicode>
                    </TextEquiv>
                </Word>
                <Word id="r_11_tl_47_w2" custom="readingOrder {index:1;}">
                    <Coords points="1440,2548 1440,2608 1474,2608 1474,2548"/>
                    <TextEquiv>
                        <Unicode>es</Unicode>
                    </TextEquiv>
                </Word>
                <Word id="r_11_tl_47_w3" custom="readingOrder {index:2;}">
                    <Coords points="1503,2545 1503,2605 1587,2605 1587,2545"/>
                    <TextEquiv>
                        <Unicode>nicht</Unicode>
                    </TextEquiv>
                </Word>
                <Word id="r_11_tl_47_w4" custom="readingOrder {index:3;}">
                    <Coords points="1616,2546 1616,2606 1729,2606 1729,2546"/>
                    <TextEquiv>
                        <Unicode>anders</Unicode>
                    </TextEquiv>
                </Word>
                <Word id="r_11_tl_47_w5" custom="readingOrder {index:4;}">
                    <Coords points="1758,2554 1758,2614 1888,2614 1888,2554"/>
                    <TextEquiv>
                        <Unicode>möglich</Unicode>
                    </TextEquiv>
                </Word>
                <Word id="r_11_tl_47_w6" custom="readingOrder {index:5;}">
                    <Coords points="1922,2554 1922,2614 2092,2614 2092,2554"/>
                    <TextEquiv>
                        <Unicode>gewesen,</Unicode>
                    </TextEquiv>
                </Word>
                <Word id="r_11_tl_47_w7" custom="readingOrder {index:6;}">
                    <Coords points="2121,2559 2121,2619 2148,2619 2148,2559"/>
                    <TextEquiv>
                        <Unicode>so</Unicode>
                    </TextEquiv>
                </Word>
                <Word id="r_11_tl_47_w8" custom="readingOrder {index:7;}">
                    <Coords points="2177,2558 2177,2618 2250,2618 2250,2558"/>
                    <TextEquiv>
                        <Unicode>hätt</Unicode>
                    </TextEquiv>
                </Word>
                <Word id="r_11_tl_47_w9" custom="readingOrder {index:8;}">
                    <Coords points="2273,2557 2273,2617 2312,2617 2312,2557"/>
                    <TextEquiv>
                        <Unicode>ich</Unicode>
                    </TextEquiv>
                </Word>
                <TextEquiv>
                    <Unicode>wåre es nicht anders möglich gewesen, so hätt ich</Unicode>
                </TextEquiv>
            </TextLine>
            <TextLine id="r_11_tl_48" custom="readingOrder {index:47;}">
                <Coords points="1648,2654 2326,2659 2324,2609 2304,2606 1783,2621 1751,2594 1648,2596"/>
                <Baseline points="1662,2633 1707,2639 1752,2642 1797,2642 1842,2642 1886,2642 1931,2642 1976,2645 2021,2648 2065,2645 2110,2648 2155,2648 2200,2648 2245,2645 2289,2645 2331,2642"/>
                <Word id="r_11_tl_48_w1" custom="readingOrder {index:0;}">
                    <Coords points="1660,2599 1660,2659 1759,2659 1759,2599"/>
                    <TextEquiv>
                        <Unicode>Allein</Unicode>
                    </TextEquiv>
                </Word>
                <Word id="r_11_tl_48_w2" custom="readingOrder {index:1;}">
                    <Coords points="1798,2602 1798,2662 1886,2662 1886,2602"/>
                    <TextEquiv>
                        <Unicode>durch</Unicode>
                    </TextEquiv>
                </Word>
                <Word id="r_11_tl_48_w3" custom="readingOrder {index:2;}">
                    <Coords points="1920,2605 1920,2665 2058,2665 2058,2605"/>
                    <TextEquiv>
                        <Unicode>Bitten,</Unicode>
                    </TextEquiv>
                </Word>
                <Word id="r_11_tl_48_w4" custom="readingOrder {index:3;}">
                    <Coords points="2086,2608 2086,2668 2224,2668 2224,2608"/>
                    <TextEquiv>
                        <Unicode>Anhang</Unicode>
                    </TextEquiv>
                </Word>
                <Word id="r_11_tl_48_w5" custom="readingOrder {index:4;}">
                    <Coords points="2258,2605 2258,2665 2318,2665 2318,2605"/>
                    <TextEquiv>
                        <Unicode>und</Unicode>
                    </TextEquiv>
                </Word>
                <TextEquiv>
                    <Unicode>Allein durch Bitten, Anhang und</Unicode>
                </TextEquiv>
            </TextLine>
            <TextLine id="r_11_tl_49" custom="readingOrder {index:48;}">
                <Coords points="1318,2656 1348,2644 1486,2656 1561,2641 1623,2656 1623,2616 1601,2619 1561,2594 1318,2604"/>
                <Baseline points="1331,2636 1376,2639 1421,2639 1465,2639 1510,2636 1555,2636 1600,2636 1630,2636"/>
                <Word id="r_11_tl_49_w1" custom="readingOrder {index:0;}">
                    <Coords points="1324,2598 1324,2658 1404,2658 1404,2598"/>
                    <TextEquiv>
                        <Unicode>alles</Unicode>
                    </TextEquiv>
                </Word>
                <Word id="r_11_tl_49_w2" custom="readingOrder {index:1;}">
                    <Coords points="1431,2596 1431,2656 1588,2656 1588,2596"/>
                    <TextEquiv>
                        <Unicode>entdeckt.</Unicode>
                    </TextEquiv>
                </Word>
                <TextEquiv>
                    <Unicode>alles entdeckt.</Unicode>
                </TextEquiv>
            </TextLine>
            <TextLine id="r_11_tl_50" custom="readingOrder {index:49;}">
                <Coords points="1326,2694 2324,2706 2324,2661 2251,2649 1326,2646"/>
                <Baseline points="1340,2686 1385,2686 1430,2686 1474,2686 1519,2686 1564,2683 1609,2683 1653,2683 1698,2686 1743,2689 1788,2692 1833,2692 1877,2692 1922,2692 1967,2695 2012,2695 2057,2698 2101,2698 2146,2695 2191,2695 2236,2695 2280,2692 2325,2689 2328,2689"/>
                <Word id="r_11_tl_50_w1" custom="readingOrder {index:0;}">
                    <Coords points="1327,2646 1327,2706 1417,2706 1417,2646"/>
                    <TextEquiv>
                        <Unicode>Geld</Unicode>
                    </TextEquiv>
                </Word>
                <Word id="r_11_tl_50_w2" custom="readingOrder {index:1;}">
                    <Coords points="1446,2646 1446,2706 1497,2706 1497,2646"/>
                    <TextEquiv>
                        <Unicode>kam</Unicode>
                    </TextEquiv>
                </Word>
                <Word id="r_11_tl_50_w3" custom="readingOrder {index:2;}">
                    <Coords points="1543,2643 1543,2703 1581,2703 1581,2643"/>
                    <TextEquiv>
                        <Unicode>ich</Unicode>
                    </TextEquiv>
                </Word>
                <Word id="r_11_tl_50_w4" custom="readingOrder {index:3;}">
                    <Coords points="1617,2643 1617,2703 1644,2703 1644,2643"/>
                    <TextEquiv>
                        <Unicode>so</Unicode>
                    </TextEquiv>
                </Word>
                <Word id="r_11_tl_50_w5" custom="readingOrder {index:4;}">
                    <Coords points="1673,2647 1673,2707 1770,2707 1770,2647"/>
                    <TextEquiv>
                        <Unicode>weit,</Unicode>
                    </TextEquiv>
                </Word>
                <Word id="r_11_tl_50_w6" custom="readingOrder {index:5;}">
                    <Coords points="1799,2652 1799,2712 1849,2712 1849,2652"/>
                    <TextEquiv>
                        <Unicode>daß</Unicode>
                    </TextEquiv>
                </Word>
                <Word id="r_11_tl_50_w7" custom="readingOrder {index:6;}">
                    <Coords points="1878,2652 1878,2712 1918,2712 1918,2652"/>
                    <TextEquiv>
                        <Unicode>ich</Unicode>
                    </TextEquiv>
                </Word>
                <Word id="r_11_tl_50_w8" custom="readingOrder {index:7;}">
                    <Coords points="1947,2654 1947,2714 1974,2714 1974,2654"/>
                    <TextEquiv>
                        <Unicode>in</Unicode>
                    </TextEquiv>
                </Word>
                <Word id="r_11_tl_50_w9" custom="readingOrder {index:8;}">
                    <Coords points="2014,2658 2014,2718 2111,2718 2111,2658"/>
                    <TextEquiv>
                        <Unicode>dieser</Unicode>
                    </TextEquiv>
                </Word>
                <Word id="r_11_tl_50_w10" custom="readingOrder {index:9;}">
                    <Coords points="2134,2655 2134,2715 2247,2715 2247,2655"/>
                    <TextEquiv>
                        <Unicode>Sache</Unicode>
                    </TextEquiv>
                </Word>
                <Word id="r_11_tl_50_w11" custom="readingOrder {index:10;}">
                    <Coords points="2271,2650 2271,2710 2321,2710 2321,2650"/>
                    <TextEquiv>
                        <Unicode>der</Unicode>
                    </TextEquiv>
                </Word>
                <TextEquiv>
                    <Unicode>Geld kam ich so weit, daß ich in dieser Sache der</Unicode>
                </TextEquiv>
            </TextLine>
            <TextLine id="r_11_tl_51" custom="readingOrder {index:50;}">
                <Coords points="1311,2749 2316,2746 2316,2706 2266,2699 1311,2694"/>
                <Baseline points="1325,2731 1370,2734 1415,2734 1459,2734 1504,2734 1549,2731 1594,2731 1639,2731 1683,2734 1728,2737 1773,2740 1818,2740 1862,2743 1907,2740 1952,2743 1997,2746 2042,2746 2086,2746 2131,2746 2176,2743 2221,2743 2266,2740 2310,2737 2322,2734"/>
                <Word id="r_11_tl_51_w1" custom="readingOrder {index:0;}">
                    <Coords points="1316,2692 1316,2752 1390,2752 1390,2692"/>
                    <TextEquiv>
                        <Unicode>erste</Unicode>
                    </TextEquiv>
                </Word>
                <Word id="r_11_tl_51_w2" custom="readingOrder {index:1;}">
                    <Coords points="1423,2691 1423,2751 1647,2751 1647,2691"/>
                    <TextEquiv>
                        <Unicode>Geschworne</Unicode>
                    </TextEquiv>
                </Word>
                <Word id="r_11_tl_51_w3" custom="readingOrder {index:2;}">
                    <Coords points="1679,2697 1679,2757 1796,2757 1796,2697"/>
                    <TextEquiv>
                        <Unicode>ward,</Unicode>
                    </TextEquiv>
                </Word>
                <Word id="r_11_tl_51_w4" custom="readingOrder {index:3;}">
                    <Coords points="1829,2702 1829,2762 1887,2762 1887,2702"/>
                    <TextEquiv>
                        <Unicode>und</Unicode>
                    </TextEquiv>
                </Word>
                <Word id="r_11_tl_51_w5" custom="readingOrder {index:4;}">
                    <Coords points="1925,2704 1925,2764 2010,2764 2010,2704"/>
                    <TextEquiv>
                        <Unicode>jenen</Unicode>
                    </TextEquiv>
                </Word>
                <Word id="r_11_tl_51_w6" custom="readingOrder {index:5;}">
                    <Coords points="2053,2706 2053,2766 2186,2766 2186,2706"/>
                    <TextEquiv>
                        <Unicode>dadurch</Unicode>
                    </TextEquiv>
                </Word>
                <Word id="r_11_tl_51_w7" custom="readingOrder {index:6;}">
                    <Coords points="2218,2700 2218,2760 2308,2760 2308,2700"/>
                    <TextEquiv>
                        <Unicode>retten</Unicode>
                    </TextEquiv>
                </Word>
                <TextEquiv>
                    <Unicode>erste Geschworne ward, und jenen dadurch retten</Unicode>
                </TextEquiv>
            </TextLine>
            <TextLine id="r_11_tl_52" custom="readingOrder {index:51;}">
                <Coords points="1311,2799 2321,2801 2321,2746 1311,2749"/>
                <Baseline points="1325,2782 1370,2785 1415,2785 1459,2785 1504,2785 1549,2785 1594,2782 1639,2782 1683,2785 1728,2788 1773,2791 1818,2791 1862,2791 1907,2791 1952,2791 1997,2794 2042,2794 2086,2794 2131,2794 2176,2794 2221,2791 2266,2788 2310,2788 2328,2785"/>
                <Word id="r_11_tl_52_w1" custom="readingOrder {index:0;}">
                    <Coords points="1318,2745 1318,2805 1453,2805 1453,2745"/>
                    <TextEquiv>
                        <Unicode>konnte.</Unicode>
                    </TextEquiv>
                </Word>
                <Word id="r_11_tl_52_w2" custom="readingOrder {index:1;}">
                    <Coords points="1505,2745 1505,2805 1573,2805 1573,2745"/>
                    <TextEquiv>
                        <Unicode>Ich</Unicode>
                    </TextEquiv>
                </Word>
                <Word id="r_11_tl_52_w3" custom="readingOrder {index:2;}">
                    <Coords points="1602,2742 1602,2802 1687,2802 1687,2742"/>
                    <TextEquiv>
                        <Unicode>habe</Unicode>
                    </TextEquiv>
                </Word>
                <Word id="r_11_tl_52_w4" custom="readingOrder {index:3;}">
                    <Coords points="1716,2751 1716,2811 1846,2811 1846,2751"/>
                    <TextEquiv>
                        <Unicode>überdem</Unicode>
                    </TextEquiv>
                </Word>
                <Word id="r_11_tl_52_w5" custom="readingOrder {index:4;}">
                    <Coords points="1898,2751 1898,2811 2017,2811 2017,2751"/>
                    <TextEquiv>
                        <Unicode>Sorge</Unicode>
                    </TextEquiv>
                </Word>
                <Word id="r_11_tl_52_w6" custom="readingOrder {index:5;}">
                    <Coords points="2046,2754 2046,2814 2222,2814 2222,2754"/>
                    <TextEquiv>
                        <Unicode>getragen,</Unicode>
                    </TextEquiv>
                </Word>
                <Word id="r_11_tl_52_w7" custom="readingOrder {index:6;}">
                    <Coords points="2257,2748 2257,2808 2313,2808 2313,2748"/>
                    <TextEquiv>
                        <Unicode>daß</Unicode>
                    </TextEquiv>
                </Word>
                <TextEquiv>
                    <Unicode>konnte. Ich habe überdem Sorge getragen, daß</Unicode>
                </TextEquiv>
            </TextLine>
            <TextLine id="r_11_tl_53" custom="readingOrder {index:52;}">
                <Coords points="1321,2849 2324,2844 2321,2799 2274,2794 1318,2799"/>
                <Baseline points="1334,2833 1379,2833 1424,2833 1468,2830 1513,2830 1558,2827 1603,2827 1648,2833 1692,2836 1737,2839 1782,2839 1827,2839 1871,2839 1916,2842 1961,2845 2006,2845 2051,2842 2095,2842 2140,2842 2185,2839 2230,2839 2274,2836 2319,2836 2331,2833"/>
                <Word id="r_11_tl_53_w1" custom="readingOrder {index:0;}">
                    <Coords points="1325,2793 1325,2853 1428,2853 1428,2793"/>
                    <TextEquiv>
                        <Unicode>weder</Unicode>
                    </TextEquiv>
                </Word>
                <Word id="r_11_tl_53_w2" custom="readingOrder {index:1;}">
                    <Coords points="1458,2790 1458,2850 1509,2850 1509,2790"/>
                    <TextEquiv>
                        <Unicode>dem</Unicode>
                    </TextEquiv>
                </Word>
                <Word id="r_11_tl_53_w3" custom="readingOrder {index:2;}">
                    <Coords points="1557,2793 1557,2853 1753,2853 1753,2793"/>
                    <TextEquiv>
                        <Unicode>Gefangnen</Unicode>
                    </TextEquiv>
                </Word>
                <Word id="r_11_tl_53_w4" custom="readingOrder {index:3;}">
                    <Coords points="1788,2799 1788,2859 1857,2859 1857,2799"/>
                    <TextEquiv>
                        <Unicode>noch</Unicode>
                    </TextEquiv>
                </Word>
                <Word id="r_11_tl_53_w5" custom="readingOrder {index:4;}">
                    <Coords points="1892,2803 1892,2863 1996,2863 1996,2803"/>
                    <TextEquiv>
                        <Unicode>seiner</Unicode>
                    </TextEquiv>
                </Word>
                <Word id="r_11_tl_53_w6" custom="readingOrder {index:5;}">
                    <Coords points="2020,2802 2020,2862 2165,2862 2165,2802"/>
                    <TextEquiv>
                        <Unicode>Familie</Unicode>
                    </TextEquiv>
                </Word>
                <Word id="r_11_tl_53_w7" custom="readingOrder {index:6;}">
                    <Coords points="2200,2796 2200,2856 2326,2856 2326,2796"/>
                    <TextEquiv>
                        <Unicode>mitler¬</Unicode>
                    </TextEquiv>
                </Word>
                <TextEquiv>
                    <Unicode>weder dem Gefangnen noch seiner Familie mitler¬</Unicode>
                </TextEquiv>
            </TextLine>
            <TextLine id="r_11_tl_54" custom="readingOrder {index:53;}">
                <Coords points="1311,2904 2321,2901 2299,2841 1311,2846"/>
                <Baseline points="1325,2881 1370,2881 1415,2881 1459,2878 1504,2878 1549,2878 1594,2881 1639,2884 1683,2887 1728,2887 1773,2887 1818,2887 1862,2889 1907,2889 1952,2892 1997,2892 2042,2892 2086,2892 2131,2887 2176,2887 2221,2887 2266,2887 2310,2887 2328,2887"/>
                <Word id="r_11_tl_54_w1" custom="readingOrder {index:0;}">
                    <Coords points="1319,2841 1319,2901 1410,2901 1410,2841"/>
                    <TextEquiv>
                        <Unicode>weile</Unicode>
                    </TextEquiv>
                </Word>
                <Word id="r_11_tl_54_w2" custom="readingOrder {index:1;}">
                    <Coords points="1430,2838 1430,2898 1533,2898 1533,2838"/>
                    <TextEquiv>
                        <Unicode>nichts</Unicode>
                    </TextEquiv>
                </Word>
                <Word id="r_11_tl_54_w3" custom="readingOrder {index:2;}">
                    <Coords points="1560,2843 1560,2903 1688,2903 1688,2843"/>
                    <TextEquiv>
                        <Unicode>fehlete.</Unicode>
                    </TextEquiv>
                </Word>
                <Word id="r_11_tl_54_w4" custom="readingOrder {index:3;}">
                    <Coords points="1738,2847 1738,2907 1805,2907 1805,2847"/>
                    <TextEquiv>
                        <Unicode>Sie</Unicode>
                    </TextEquiv>
                </Word>
                <Word id="r_11_tl_54_w5" custom="readingOrder {index:4;}">
                    <Coords points="1837,2849 1837,2909 1935,2909 1935,2849"/>
                    <TextEquiv>
                        <Unicode>wissen</Unicode>
                    </TextEquiv>
                </Word>
                <Word id="r_11_tl_54_w6" custom="readingOrder {index:5;}">
                    <Coords points="1966,2852 1966,2912 2120,2912 2120,2852"/>
                    <TextEquiv>
                        <Unicode>Milord,</Unicode>
                    </TextEquiv>
                </Word>
                <Word id="r_11_tl_54_w7" custom="readingOrder {index:6;}">
                    <Coords points="2151,2847 2151,2907 2200,2907 2200,2847"/>
                    <TextEquiv>
                        <Unicode>den</Unicode>
                    </TextEquiv>
                </Word>
                <Word id="r_11_tl_54_w8" custom="readingOrder {index:7;}">
                    <Coords points="2231,2847 2231,2907 2323,2907 2323,2847"/>
                    <TextEquiv>
                        <Unicode>übri,</Unicode>
                    </TextEquiv>
                </Word>
                <TextEquiv>
                    <Unicode>weile nichts fehlete. Sie wissen Milord, den übri,</Unicode>
                </TextEquiv>
            </TextLine>
            <TextLine id="r_11_tl_55" custom="readingOrder {index:54;}">
                <Coords points="1306,2946 1906,2976 2306,2939 2229,2886 1306,2906"/>
                <Baseline points="1319,2937 1364,2931 1409,2931 1453,2928 1498,2928 1543,2931 1588,2931 1633,2934 1677,2937 1722,2937 1767,2937 1812,2940 1857,2940 1901,2940 1946,2943 1991,2943 2036,2943 2080,2940 2125,2937 2170,2937 2215,2934 2260,2934 2304,2937 2313,2937"/>
                <Word id="r_11_tl_55_w1" custom="readingOrder {index:0;}">
                    <Coords points="1314,2894 1314,2954 1363,2954 1363,2894"/>
                    <TextEquiv>
                        <Unicode>gen</Unicode>
                    </TextEquiv>
                </Word>
                <Word id="r_11_tl_55_w2" custom="readingOrder {index:1;}">
                    <Coords points="1395,2888 1395,2948 1556,2948 1556,2888"/>
                    <TextEquiv>
                        <Unicode>Verlauf,</Unicode>
                    </TextEquiv>
                </Word>
                <Word id="r_11_tl_55_w3" custom="readingOrder {index:2;}">
                    <Coords points="1569,2891 1569,2951 1605,2951 1605,2891"/>
                    <TextEquiv>
                        <Unicode>ich</Unicode>
                    </TextEquiv>
                </Word>
                <Word id="r_11_tl_55_w4" custom="readingOrder {index:3;}">
                    <Coords points="1637,2897 1637,2957 1761,2957 1761,2897"/>
                    <TextEquiv>
                        <Unicode>verlaße</Unicode>
                    </TextEquiv>
                </Word>
                <Word id="r_11_tl_55_w5" custom="readingOrder {index:4;}">
                    <Coords points="1787,2900 1787,2960 1860,2960 1860,2900"/>
                    <TextEquiv>
                        <Unicode>mich</Unicode>
                    </TextEquiv>
                </Word>
                <Word id="r_11_tl_55_w6" custom="readingOrder {index:5;}">
                    <Coords points="1886,2900 1886,2960 1941,2960 1941,2900"/>
                    <TextEquiv>
                        <Unicode>auf</Unicode>
                    </TextEquiv>
                </Word>
                <Word id="r_11_tl_55_w7" custom="readingOrder {index:6;}">
                    <Coords points="1961,2903 1961,2963 2028,2963 2028,2903"/>
                    <TextEquiv>
                        <Unicode>ihre</Unicode>
                    </TextEquiv>
                </Word>
                <Word id="r_11_tl_55_w8" custom="readingOrder {index:7;}">
                    <Coords points="2048,2897 2048,2957 2258,2957 2258,2897"/>
                    <TextEquiv>
                        <Unicode>Redlichkeit.</Unicode>
                    </TextEquiv>
                </Word>
                <Word id="r_11_tl_55_w9" custom="readingOrder {index:8;}">
                    <Coords points="2278,2895 2278,2955 2289,2955 2289,2895"/>
                    <TextEquiv>
                        <Unicode>—</Unicode>
                    </TextEquiv>
                </Word>
                <TextEquiv>
                    <Unicode>gen Verlauf, ich verlaße mich auf ihre Redlichkeit. —</Unicode>
                </TextEquiv>
            </TextLine>
            <TextLine id="r_11_tl_56" custom="readingOrder {index:55;}">
                <Coords points="2221,3022 2241,3022 2246,3027 2254,3017 2264,3019 2269,3014 2324,3022 2321,2941 2301,2944 2289,2939 2271,2946 2264,2939 2244,2949 2216,2946"/>
                <Baseline points="2233,2985 2277,2988 2322,2991 2331,2991"/>
                <Word id="r_11_tl_56_w1" custom="readingOrder {index:0;}">
                    <Coords points="2221,2947 2221,3007 2312,3007 2312,2947"/>
                    <TextEquiv>
                        <Unicode>Der</Unicode>
                    </TextEquiv>
                </Word>
                <TextEquiv>
                    <Unicode>Der</Unicode>
                </TextEquiv>
            </TextLine>
            <TextEquiv>
                <Unicode></Unicode>
            </TextEquiv>
        </TextRegion>
    </Page>
</PcGts>
