<?xml version="1.0" encoding="UTF-8" standalone="yes"?>
<PcGts xmlns="http://schema.primaresearch.org/PAGE/gts/pagecontent/2013-07-15" xmlns:xsi="http://www.w3.org/2001/XMLSchema-instance" xsi:schemaLocation="http://schema.primaresearch.org/PAGE/gts/pagecontent/2013-07-15 http://schema.primaresearch.org/PAGE/gts/pagecontent/2013-07-15/pagecontent.xsd">
    <Metadata>
        <Creator>prov=READ-COOP:name=PyLaia@TranskribusPlatform:version=2.12.1:model_id=39995:lm=none:date=06_04_2024_21:08</Creator>
        <Created>2024-04-06T20:47:23.303+02:00</Created>
        <LastChange>2024-04-06T21:08:27.949+02:00</LastChange>
        <TranskribusMetadata docId="1918478" pageId="67853504" pageNr="4" tsid="157147596" status="IN_PROGRESS" userId="222699" imgUrl="https://files.transkribus.eu/Get?id=QWZMXMBPAUAMWXQQKQISVFFA&amp;fileType=view" xmlUrl="https://files.transkribus.eu/Get?id=EHSEVHGJVPJWZGPHBEIGRSSG" imageId="54155549"/>
    </Metadata>
    <Page imageFilename="67853504.jpg" imageWidth="2479" imageHeight="3508">
        <ReadingOrder>
            <OrderedGroup id="ro_1712430507949" caption="Regions reading order">
                <RegionRefIndexed index="0" regionRef="r_10"/>
                <RegionRefIndexed index="1" regionRef="r_54"/>
                <RegionRefIndexed index="2" regionRef="r_66"/>
                <RegionRefIndexed index="3" regionRef="r_78"/>
                <RegionRefIndexed index="4" regionRef="r_79"/>
            </OrderedGroup>
        </ReadingOrder>
        <Relations/>
        <TextRegion id="r_10" custom="readingOrder {index:0;}">
            <Coords points="259,353 1296,343 1321,2907 259,2907"/>
            <TextLine id="r_10_tl_1" custom="readingOrder {index:0;}">
                <Coords points="257,406 1275,421 1275,346 1134,332 1072,361 975,329 257,354"/>
                <Baseline points="271,406 295,406 340,406 385,403 429,406 474,403 519,406 564,403 609,403 653,403 698,400 743,403 788,403 832,406 877,406 922,406 967,406 1012,406 1056,406 1101,403 1146,406 1191,406 1236,406 1280,403"/>
                <Word id="r_10_tl_1_w1" custom="readingOrder {index:0;}">
                    <Coords points="275,366 275,426 337,426 337,366"/>
                    <TextEquiv>
                        <Unicode>cken</Unicode>
                    </TextEquiv>
                </Word>
                <Word id="r_10_tl_1_w2" custom="readingOrder {index:1;}">
                    <Coords points="366,364 366,424 450,424 450,364"/>
                    <TextEquiv>
                        <Unicode>samt</Unicode>
                    </TextEquiv>
                </Word>
                <Word id="r_10_tl_1_w3" custom="readingOrder {index:2;}">
                    <Coords points="465,364 465,424 513,424 513,364"/>
                    <TextEquiv>
                        <Unicode>den</Unicode>
                    </TextEquiv>
                </Word>
                <Word id="r_10_tl_1_w4" custom="readingOrder {index:3;}">
                    <Coords points="549,363 549,423 669,423 669,363"/>
                    <TextEquiv>
                        <Unicode>Flecken</Unicode>
                    </TextEquiv>
                </Word>
                <Word id="r_10_tl_1_w5" custom="readingOrder {index:4;}">
                    <Coords points="705,365 705,425 930,425 930,365"/>
                    <TextEquiv>
                        <Unicode>heraustrieb,</Unicode>
                    </TextEquiv>
                </Word>
                <Word id="r_10_tl_1_w6" custom="readingOrder {index:5;}">
                    <Coords points="967,366 967,426 1001,426 1001,366"/>
                    <TextEquiv>
                        <Unicode>da</Unicode>
                    </TextEquiv>
                </Word>
                <Word id="r_10_tl_1_w7" custom="readingOrder {index:6;}">
                    <Coords points="1023,366 1023,426 1078,426 1078,366"/>
                    <TextEquiv>
                        <Unicode>sich</Unicode>
                    </TextEquiv>
                </Word>
                <Word id="r_10_tl_1_w8" custom="readingOrder {index:7;}">
                    <Coords points="1107,365 1107,425 1170,425 1170,365"/>
                    <TextEquiv>
                        <Unicode>nun</Unicode>
                    </TextEquiv>
                </Word>
                <Word id="r_10_tl_1_w9" custom="readingOrder {index:8;}">
                    <Coords points="1206,365 1206,425 1269,425 1269,365"/>
                    <TextEquiv>
                        <Unicode>aus</Unicode>
                    </TextEquiv>
                </Word>
                <TextEquiv>
                    <Unicode>cken samt den Flecken heraustrieb, da sich nun aus</Unicode>
                </TextEquiv>
            </TextLine>
            <TextLine id="r_10_tl_2" custom="readingOrder {index:1;}">
                <Coords points="267,478 1240,470 1282,463 1282,423 265,411"/>
                <Baseline points="280,453 325,453 370,450 414,450 459,450 504,450 549,447 594,450 638,450 683,450 728,450 773,450 818,453 862,453 907,453 952,456 997,453 1041,453 1086,450 1131,450 1176,453 1221,453 1265,453 1289,453"/>
                <Word id="r_10_tl_2_w1" custom="readingOrder {index:0;}">
                    <Coords points="272,413 272,473 370,473 370,413"/>
                    <TextEquiv>
                        <Unicode>diesem</Unicode>
                    </TextEquiv>
                </Word>
                <Word id="r_10_tl_2_w2" custom="readingOrder {index:1;}">
                    <Coords points="406,410 406,470 533,470 533,410"/>
                    <TextEquiv>
                        <Unicode>ergabe,</Unicode>
                    </TextEquiv>
                </Word>
                <Word id="r_10_tl_2_w3" custom="readingOrder {index:2;}">
                    <Coords points="563,409 563,469 615,469 615,409"/>
                    <TextEquiv>
                        <Unicode>daß</Unicode>
                    </TextEquiv>
                </Word>
                <Word id="r_10_tl_2_w4" custom="readingOrder {index:3;}">
                    <Coords points="651,410 651,470 743,470 743,410"/>
                    <TextEquiv>
                        <Unicode>dieses</Unicode>
                    </TextEquiv>
                </Word>
                <Word id="r_10_tl_2_w5" custom="readingOrder {index:4;}">
                    <Coords points="779,413 779,473 865,473 865,413"/>
                    <TextEquiv>
                        <Unicode>keine</Unicode>
                    </TextEquiv>
                </Word>
                <Word id="r_10_tl_2_w6" custom="readingOrder {index:5;}">
                    <Coords points="895,413 895,473 924,473 924,413"/>
                    <TextEquiv>
                        <Unicode>so</Unicode>
                    </TextEquiv>
                </Word>
                <Word id="r_10_tl_2_w7" custom="readingOrder {index:6;}">
                    <Coords points="954,412 954,472 1145,472 1145,412"/>
                    <TextEquiv>
                        <Unicode>gefährliche</Unicode>
                    </TextEquiv>
                </Word>
                <Word id="r_10_tl_2_w8" custom="readingOrder {index:7;}">
                    <Coords points="1175,413 1175,473 1273,473 1273,413"/>
                    <TextEquiv>
                        <Unicode>anste¬</Unicode>
                    </TextEquiv>
                </Word>
                <TextEquiv>
                    <Unicode>diesem ergabe, daß dieses keine so gefährliche anste¬</Unicode>
                </TextEquiv>
            </TextLine>
            <TextLine id="r_10_tl_3" custom="readingOrder {index:2;}">
                <Coords points="267,510 1280,512 1250,460 267,478"/>
                <Baseline points="280,501 325,501 370,498 414,498 459,498 504,495 549,495 594,495 638,495 683,498 728,498 773,501 818,501 862,501 907,501 952,501 997,501 1041,498 1086,498 1131,501 1176,501 1221,501 1265,501 1286,501"/>
                <Word id="r_10_tl_3_w1" custom="readingOrder {index:0;}">
                    <Coords points="273,460 273,520 386,520 386,460"/>
                    <TextEquiv>
                        <Unicode>ckende</Unicode>
                    </TextEquiv>
                </Word>
                <Word id="r_10_tl_3_w2" custom="readingOrder {index:1;}">
                    <Coords points="409,455 409,515 590,515 590,455"/>
                    <TextEquiv>
                        <Unicode>Krankheit</Unicode>
                    </TextEquiv>
                </Word>
                <Word id="r_10_tl_3_w3" custom="readingOrder {index:2;}">
                    <Coords points="608,456 608,516 710,516 710,456"/>
                    <TextEquiv>
                        <Unicode>wäre,</Unicode>
                    </TextEquiv>
                </Word>
                <Word id="r_10_tl_3_w4" custom="readingOrder {index:3;}">
                    <Coords points="733,459 733,519 778,519 778,459"/>
                    <TextEquiv>
                        <Unicode>als</Unicode>
                    </TextEquiv>
                </Word>
                <Word id="r_10_tl_3_w5" custom="readingOrder {index:4;}">
                    <Coords points="807,461 807,521 874,521 874,461"/>
                    <TextEquiv>
                        <Unicode>man</Unicode>
                    </TextEquiv>
                </Word>
                <Word id="r_10_tl_3_w6" custom="readingOrder {index:5;}">
                    <Coords points="903,461 903,521 936,521 936,461"/>
                    <TextEquiv>
                        <Unicode>sie</Unicode>
                    </TextEquiv>
                </Word>
                <Word id="r_10_tl_3_w7" custom="readingOrder {index:6;}">
                    <Coords points="960,460 960,520 1056,520 1056,460"/>
                    <TextEquiv>
                        <Unicode>dafür</Unicode>
                    </TextEquiv>
                </Word>
                <Word id="r_10_tl_3_w8" custom="readingOrder {index:7;}">
                    <Coords points="1085,461 1085,521 1277,521 1277,461"/>
                    <TextEquiv>
                        <Unicode>angesehen,</Unicode>
                    </TextEquiv>
                </Word>
                <TextEquiv>
                    <Unicode>ckende Krankheit wäre, als man sie dafür angesehen,</Unicode>
                </TextEquiv>
            </TextLine>
            <TextLine id="r_10_tl_4" custom="readingOrder {index:3;}">
                <Coords points="282,564 1163,557 1163,515 1067,505 282,510"/>
                <Baseline points="295,549 319,546 364,546 409,546 453,546 498,543 543,546 588,546 632,546 677,546 722,546 767,549 812,549 856,549 901,549 946,549 991,546 1035,549 1080,549 1125,549 1170,543"/>
                <Word id="r_10_tl_4_w1" custom="readingOrder {index:0;}">
                    <Coords points="283,509 283,569 305,569 305,509"/>
                    <TextEquiv>
                        <Unicode>so</Unicode>
                    </TextEquiv>
                </Word>
                <Word id="r_10_tl_4_w2" custom="readingOrder {index:1;}">
                    <Coords points="329,506 329,566 445,566 445,506"/>
                    <TextEquiv>
                        <Unicode>gerieth</Unicode>
                    </TextEquiv>
                </Word>
                <Word id="r_10_tl_4_w3" custom="readingOrder {index:2;}">
                    <Coords points="475,503 475,563 550,563 550,503"/>
                    <TextEquiv>
                        <Unicode>alles</Unicode>
                    </TextEquiv>
                </Word>
                <Word id="r_10_tl_4_w4" custom="readingOrder {index:3;}">
                    <Coords points="574,506 574,566 758,566 758,506"/>
                    <TextEquiv>
                        <Unicode>Schiffvolk</Unicode>
                    </TextEquiv>
                </Word>
                <Word id="r_10_tl_4_w5" custom="readingOrder {index:4;}">
                    <Coords points="777,509 777,569 916,569 916,509"/>
                    <TextEquiv>
                        <Unicode>darüber</Unicode>
                    </TextEquiv>
                </Word>
                <Word id="r_10_tl_4_w6" custom="readingOrder {index:5;}">
                    <Coords points="940,508 940,568 962,568 962,508"/>
                    <TextEquiv>
                        <Unicode>in</Unicode>
                    </TextEquiv>
                </Word>
                <Word id="r_10_tl_4_w7" custom="readingOrder {index:6;}">
                    <Coords points="1003,509 1003,569 1142,569 1142,509"/>
                    <TextEquiv>
                        <Unicode>Freude.</Unicode>
                    </TextEquiv>
                </Word>
                <TextEquiv>
                    <Unicode>so gerieth alles Schiffvolk darüber in Freude.</Unicode>
                </TextEquiv>
            </TextLine>
            <TextLine id="r_10_tl_5" custom="readingOrder {index:4;}">
                <Coords points="1183,567 1198,567 1205,559 1238,552 1250,559 1260,554 1280,557 1277,512 1240,505 1233,512 1223,502 1210,515 1203,510 1181,512"/>
                <Baseline points="1197,546 1241,546 1286,549"/>
                <Word id="r_10_tl_5_w1" custom="readingOrder {index:0;}">
                    <Coords points="1189,506 1189,566 1276,566 1276,506"/>
                    <TextEquiv>
                        <Unicode>Der</Unicode>
                    </TextEquiv>
                </Word>
                <TextEquiv>
                    <Unicode>Der</Unicode>
                </TextEquiv>
            </TextLine>
            <TextLine id="r_10_tl_6" custom="readingOrder {index:5;}">
                <Coords points="275,604 1287,604 1287,559 1181,542 275,564"/>
                <Baseline points="289,591 334,594 379,594 423,594 468,594 513,597 558,594 603,591 647,594 692,597 737,597 782,597 826,597 871,597 916,597 961,597 1006,597 1050,597 1095,597 1140,597 1185,597 1230,597 1274,594 1292,597"/>
                <Word id="r_10_tl_6_w1" custom="readingOrder {index:0;}">
                    <Coords points="281,553 281,613 366,613 366,553"/>
                    <TextEquiv>
                        <Unicode>Herr</Unicode>
                    </TextEquiv>
                </Word>
                <Word id="r_10_tl_6_w2" custom="readingOrder {index:1;}">
                    <Coords points="389,554 389,614 445,614 445,554"/>
                    <TextEquiv>
                        <Unicode>von</Unicode>
                    </TextEquiv>
                </Word>
                <Word id="r_10_tl_6_w3" custom="readingOrder {index:2;}">
                    <Coords points="474,556 474,616 581,616 581,556"/>
                    <TextEquiv>
                        <Unicode>Cluny</Unicode>
                    </TextEquiv>
                </Word>
                <Word id="r_10_tl_6_w4" custom="readingOrder {index:3;}">
                    <Coords points="604,555 604,615 722,615 722,555"/>
                    <TextEquiv>
                        <Unicode>erholte</Unicode>
                    </TextEquiv>
                </Word>
                <Word id="r_10_tl_6_w5" custom="readingOrder {index:4;}">
                    <Coords points="746,557 746,617 791,617 791,557"/>
                    <TextEquiv>
                        <Unicode>sich</Unicode>
                    </TextEquiv>
                </Word>
                <Word id="r_10_tl_6_w6" custom="readingOrder {index:5;}">
                    <Coords points="820,557 820,617 933,617 933,557"/>
                    <TextEquiv>
                        <Unicode>wieder</Unicode>
                    </TextEquiv>
                </Word>
                <Word id="r_10_tl_6_w7" custom="readingOrder {index:6;}">
                    <Coords points="956,557 956,617 1018,617 1018,557"/>
                    <TextEquiv>
                        <Unicode>und</Unicode>
                    </TextEquiv>
                </Word>
                <Word id="r_10_tl_6_w8" custom="readingOrder {index:7;}">
                    <Coords points="1041,557 1041,617 1074,617 1074,557"/>
                    <TextEquiv>
                        <Unicode>ist</Unicode>
                    </TextEquiv>
                </Word>
                <Word id="r_10_tl_6_w9" custom="readingOrder {index:8;}">
                    <Coords points="1098,557 1098,617 1154,617 1154,557"/>
                    <TextEquiv>
                        <Unicode>nun</Unicode>
                    </TextEquiv>
                </Word>
                <Word id="r_10_tl_6_w10" custom="readingOrder {index:9;}">
                    <Coords points="1183,556 1183,616 1284,616 1284,556"/>
                    <TextEquiv>
                        <Unicode>glück¬</Unicode>
                    </TextEquiv>
                </Word>
                <TextEquiv>
                    <Unicode>Herr von Cluny erholte sich wieder und ist nun glück¬</Unicode>
                </TextEquiv>
            </TextLine>
            <TextLine id="r_10_tl_7" custom="readingOrder {index:6;}">
                <Coords points="270,661 314,653 354,671 396,653 520,666 540,648 713,653 713,609 698,606 500,614 386,596 317,614 270,599"/>
                <Baseline points="283,644 313,644 358,641 403,644 447,641 492,644 537,641 582,641 626,641 671,641 716,641"/>
                <Word id="r_10_tl_7_w1" custom="readingOrder {index:0;}">
                    <Coords points="281,604 281,664 341,664 341,604"/>
                    <TextEquiv>
                        <Unicode>lich</Unicode>
                    </TextEquiv>
                </Word>
                <Word id="r_10_tl_7_w2" custom="readingOrder {index:1;}">
                    <Coords points="364,603 364,663 435,663 435,603"/>
                    <TextEquiv>
                        <Unicode>hier</Unicode>
                    </TextEquiv>
                </Word>
                <Word id="r_10_tl_7_w3" custom="readingOrder {index:2;}">
                    <Coords points="458,601 458,661 705,661 705,601"/>
                    <TextEquiv>
                        <Unicode>angekommen.</Unicode>
                    </TextEquiv>
                </Word>
                <TextEquiv>
                    <Unicode>lich hier angekommen.</Unicode>
                </TextEquiv>
            </TextLine>
            <TextLine id="r_10_tl_8" custom="readingOrder {index:7;}">
                <Coords points="522,698 1040,698 1040,648 945,631 762,661 522,653"/>
                <Baseline points="537,689 582,689 626,692 671,692 716,695 761,692 806,692 850,689 895,689 940,689 985,689 1030,689 1044,689"/>
                <Word id="r_10_tl_8_w1" custom="readingOrder {index:0;}">
                    <Coords points="528,652 528,712 728,712 728,652"/>
                    <TextEquiv>
                        <Unicode>London,</Unicode>
                    </TextEquiv>
                </Word>
                <Word id="r_10_tl_8_w2" custom="readingOrder {index:1;}">
                    <Coords points="766,652 766,712 820,712 820,652"/>
                    <TextEquiv>
                        <Unicode>den</Unicode>
                    </TextEquiv>
                </Word>
                <Word id="r_10_tl_8_w3" custom="readingOrder {index:2;}">
                    <Coords points="859,649 859,709 918,709 918,649"/>
                    <TextEquiv>
                        <Unicode>10.</Unicode>
                    </TextEquiv>
                </Word>
                <Word id="r_10_tl_8_w4" custom="readingOrder {index:3;}">
                    <Coords points="946,649 946,709 1032,709 1032,649"/>
                    <TextEquiv>
                        <Unicode>Jul.</Unicode>
                    </TextEquiv>
                </Word>
                <TextEquiv>
                    <Unicode>London, den 10. Jul.</Unicode>
                </TextEquiv>
            </TextLine>
            <TextLine id="r_10_tl_9" custom="readingOrder {index:8;}">
                <Coords points="272,804 1280,787 1280,747 1193,735 272,745"/>
                <Baseline points="286,791 301,791 346,794 391,791 435,791 480,788 525,788 570,788 615,785 659,785 704,785 749,782 794,782 838,782 883,785 928,785 973,785 1018,785 1062,785 1107,785 1152,785 1197,782 1241,779 1286,776"/>
                <Word id="r_10_tl_9_w1" custom="readingOrder {index:0;}">
                    <Coords points="278,751 278,811 339,811 339,751"/>
                    <TextEquiv>
                        <Unicode>liam</Unicode>
                    </TextEquiv>
                </Word>
                <Word id="r_10_tl_9_w2" custom="readingOrder {index:1;}">
                    <Coords points="378,748 378,808 574,808 574,748"/>
                    <TextEquiv>
                        <Unicode>Poultney,</Unicode>
                    </TextEquiv>
                </Word>
                <Word id="r_10_tl_9_w3" custom="readingOrder {index:2;}">
                    <Coords points="597,745 597,805 690,805 690,745"/>
                    <TextEquiv>
                        <Unicode>Graf</Unicode>
                    </TextEquiv>
                </Word>
                <Word id="r_10_tl_9_w4" custom="readingOrder {index:3;}">
                    <Coords points="714,742 714,802 769,802 769,742"/>
                    <TextEquiv>
                        <Unicode>von</Unicode>
                    </TextEquiv>
                </Word>
                <Word id="r_10_tl_9_w5" custom="readingOrder {index:4;}">
                    <Coords points="797,743 797,803 914,803 914,743"/>
                    <TextEquiv>
                        <Unicode>Bath,</Unicode>
                    </TextEquiv>
                </Word>
                <Word id="r_10_tl_9_w6" custom="readingOrder {index:5;}">
                    <Coords points="943,745 943,805 1087,805 1087,745"/>
                    <TextEquiv>
                        <Unicode>Königl.</Unicode>
                    </TextEquiv>
                </Word>
                <Word id="r_10_tl_9_w7" custom="readingOrder {index:6;}">
                    <Coords points="1105,742 1105,802 1277,802 1277,742"/>
                    <TextEquiv>
                        <Unicode>geheimter</Unicode>
                    </TextEquiv>
                </Word>
                <TextEquiv>
                    <Unicode>liam Poultney, Graf von Bath, Königl. geheimter</Unicode>
                </TextEquiv>
            </TextLine>
            <TextLine id="r_10_tl_10" custom="readingOrder {index:9;}">
                <Coords points="275,846 1280,834 1265,785 275,799"/>
                <Baseline points="289,841 301,838 346,838 391,838 435,835 480,835 525,835 570,832 615,832 659,832 704,832 749,829 794,832 838,829 883,829 928,829 973,832 1018,832 1062,832 1107,832 1152,829 1197,826 1241,826 1286,829"/>
                <Word id="r_10_tl_10_w1" custom="readingOrder {index:0;}">
                    <Coords points="280,798 280,858 400,858 400,798"/>
                    <TextEquiv>
                        <Unicode>Rath,</Unicode>
                    </TextEquiv>
                </Word>
                <Word id="r_10_tl_10_w2" custom="readingOrder {index:1;}">
                    <Coords points="431,795 431,855 506,855 506,795"/>
                    <TextEquiv>
                        <Unicode>Lord</Unicode>
                    </TextEquiv>
                </Word>
                <Word id="r_10_tl_10_w3" custom="readingOrder {index:2;}">
                    <Coords points="537,792 537,852 728,852 728,792"/>
                    <TextEquiv>
                        <Unicode>Lieutenant</Unicode>
                    </TextEquiv>
                </Word>
                <Word id="r_10_tl_10_w4" custom="readingOrder {index:3;}">
                    <Coords points="759,791 759,851 819,851 819,791"/>
                    <TextEquiv>
                        <Unicode>und</Unicode>
                    </TextEquiv>
                </Word>
                <Word id="r_10_tl_10_w5" custom="readingOrder {index:4;}">
                    <Coords points="850,789 850,849 965,849 965,789"/>
                    <TextEquiv>
                        <Unicode>Custos</Unicode>
                    </TextEquiv>
                </Word>
                <Word id="r_10_tl_10_w6" custom="readingOrder {index:5;}">
                    <Coords points="996,792 996,852 1172,852 1172,792"/>
                    <TextEquiv>
                        <Unicode>Rotulorum</Unicode>
                    </TextEquiv>
                </Word>
                <Word id="r_10_tl_10_w7" custom="readingOrder {index:6;}">
                    <Coords points="1223,786 1223,846 1273,846 1273,786"/>
                    <TextEquiv>
                        <Unicode>der</Unicode>
                    </TextEquiv>
                </Word>
                <TextEquiv>
                    <Unicode>Rath, Lord Lieutenant und Custos Rotulorum der</Unicode>
                </TextEquiv>
            </TextLine>
            <TextLine id="r_10_tl_11" custom="readingOrder {index:10;}">
                <Coords points="275,898 1205,896 1277,886 1280,837 277,854"/>
                <Baseline points="289,886 301,886 346,886 391,886 435,883 480,880 525,880 570,883 615,880 659,880 704,880 749,880 794,880 838,880 883,880 928,880 973,880 1018,880 1062,880 1107,880 1152,877 1197,877 1241,877 1286,877"/>
                <Word id="r_10_tl_11_w1" custom="readingOrder {index:0;}">
                    <Coords points="281,846 281,906 479,906 479,846"/>
                    <TextEquiv>
                        <Unicode>Grafschaft</Unicode>
                    </TextEquiv>
                </Word>
                <Word id="r_10_tl_11_w2" custom="readingOrder {index:1;}">
                    <Coords points="502,842 502,902 609,902 609,842"/>
                    <TextEquiv>
                        <Unicode>Salop</Unicode>
                    </TextEquiv>
                </Word>
                <Word id="r_10_tl_11_w3" custom="readingOrder {index:2;}">
                    <Coords points="644,840 644,900 700,900 700,840"/>
                    <TextEquiv>
                        <Unicode>und</Unicode>
                    </TextEquiv>
                </Word>
                <Word id="r_10_tl_11_w4" custom="readingOrder {index:3;}">
                    <Coords points="729,840 729,900 880,900 880,840"/>
                    <TextEquiv>
                        <Unicode>Mitglied</Unicode>
                    </TextEquiv>
                </Word>
                <Word id="r_10_tl_11_w5" custom="readingOrder {index:4;}">
                    <Coords points="915,840 915,900 966,900 966,840"/>
                    <TextEquiv>
                        <Unicode>der</Unicode>
                    </TextEquiv>
                </Word>
                <Word id="r_10_tl_11_w6" custom="readingOrder {index:5;}">
                    <Coords points="989,840 989,900 1130,900 1130,840"/>
                    <TextEquiv>
                        <Unicode>Königl.</Unicode>
                    </TextEquiv>
                </Word>
                <Word id="r_10_tl_11_w7" custom="readingOrder {index:6;}">
                    <Coords points="1159,837 1159,897 1282,897 1282,837"/>
                    <TextEquiv>
                        <Unicode>Socie¬</Unicode>
                    </TextEquiv>
                </Word>
                <TextEquiv>
                    <Unicode>Grafschaft Salop und Mitglied der Königl. Socie¬</Unicode>
                </TextEquiv>
            </TextLine>
            <TextLine id="r_10_tl_12" custom="readingOrder {index:11;}">
                <Coords points="272,950 1277,938 1277,884 272,891"/>
                <Baseline points="286,937 298,934 343,934 388,934 432,928 477,931 522,928 567,928 612,928 656,928 701,928 746,928 791,928 835,928 880,928 925,928 970,928 1015,928 1059,928 1104,928 1149,925 1194,925 1238,922 1283,922"/>
                <Word id="r_10_tl_12_w1" custom="readingOrder {index:0;}">
                    <Coords points="283,894 283,954 353,954 353,894"/>
                    <TextEquiv>
                        <Unicode>tät.</Unicode>
                    </TextEquiv>
                </Word>
                <Word id="r_10_tl_12_w2" custom="readingOrder {index:1;}">
                    <Coords points="396,889 396,949 445,949 445,889"/>
                    <TextEquiv>
                        <Unicode>Er</Unicode>
                    </TextEquiv>
                </Word>
                <Word id="r_10_tl_12_w3" custom="readingOrder {index:2;}">
                    <Coords points="467,889 467,949 526,949 526,889"/>
                    <TextEquiv>
                        <Unicode>hat</Unicode>
                    </TextEquiv>
                </Word>
                <Word id="r_10_tl_12_w4" custom="readingOrder {index:3;}">
                    <Coords points="554,888 554,948 635,948 635,888"/>
                    <TextEquiv>
                        <Unicode>keine</Unicode>
                    </TextEquiv>
                </Word>
                <Word id="r_10_tl_12_w5" custom="readingOrder {index:4;}">
                    <Coords points="657,888 657,948 759,948 759,888"/>
                    <TextEquiv>
                        <Unicode>Erben</Unicode>
                    </TextEquiv>
                </Word>
                <Word id="r_10_tl_12_w6" custom="readingOrder {index:5;}">
                    <Coords points="793,888 793,948 1025,948 1025,888"/>
                    <TextEquiv>
                        <Unicode>hinterlaßen,</Unicode>
                    </TextEquiv>
                </Word>
                <Word id="r_10_tl_12_w7" custom="readingOrder {index:6;}">
                    <Coords points="1053,888 1053,948 1106,948 1106,888"/>
                    <TextEquiv>
                        <Unicode>und</Unicode>
                    </TextEquiv>
                </Word>
                <Word id="r_10_tl_12_w8" custom="readingOrder {index:7;}">
                    <Coords points="1145,885 1145,945 1199,945 1199,885"/>
                    <TextEquiv>
                        <Unicode>sein</Unicode>
                    </TextEquiv>
                </Word>
                <Word id="r_10_tl_12_w9" custom="readingOrder {index:8;}">
                    <Coords points="1232,882 1232,942 1274,942 1274,882"/>
                    <TextEquiv>
                        <Unicode>Ti</Unicode>
                    </TextEquiv>
                </Word>
                <TextEquiv>
                    <Unicode>tät. Er hat keine Erben hinterlaßen, und sein Ti</Unicode>
                </TextEquiv>
            </TextLine>
            <TextLine id="r_10_tl_13" custom="readingOrder {index:12;}">
                <Coords points="272,992 1289,978 1255,931 272,950"/>
                <Baseline points="286,979 310,982 355,982 400,979 444,976 489,976 534,976 579,976 623,976 668,976 713,976 758,976 803,976 847,976 892,976 937,973 982,976 1027,976 1071,979 1116,976 1161,973 1206,970 1250,970 1295,967"/>
                <Word id="r_10_tl_13_w1" custom="readingOrder {index:0;}">
                    <Coords points="283,941 283,1001 332,1001 332,941"/>
                    <TextEquiv>
                        <Unicode>tel</Unicode>
                    </TextEquiv>
                </Word>
                <Word id="r_10_tl_13_w2" custom="readingOrder {index:1;}">
                    <Coords points="349,941 349,1001 386,1001 386,941"/>
                    <TextEquiv>
                        <Unicode>ist</Unicode>
                    </TextEquiv>
                </Word>
                <Word id="r_10_tl_13_w3" custom="readingOrder {index:2;}">
                    <Coords points="403,936 403,996 462,996 462,936"/>
                    <TextEquiv>
                        <Unicode>mit</Unicode>
                    </TextEquiv>
                </Word>
                <Word id="r_10_tl_13_w4" custom="readingOrder {index:3;}">
                    <Coords points="485,936 485,996 533,996 533,936"/>
                    <TextEquiv>
                        <Unicode>ihm</Unicode>
                    </TextEquiv>
                </Word>
                <Word id="r_10_tl_13_w5" custom="readingOrder {index:4;}">
                    <Coords points="572,936 572,996 741,996 741,936"/>
                    <TextEquiv>
                        <Unicode>erloschen.</Unicode>
                    </TextEquiv>
                </Word>
                <Word id="r_10_tl_13_w6" custom="readingOrder {index:5;}">
                    <Coords points="791,936 791,996 866,996 866,936"/>
                    <TextEquiv>
                        <Unicode>Der</Unicode>
                    </TextEquiv>
                </Word>
                <Word id="r_10_tl_13_w7" custom="readingOrder {index:6;}">
                    <Coords points="889,934 889,994 1036,994 1036,934"/>
                    <TextEquiv>
                        <Unicode>Capitain</Unicode>
                    </TextEquiv>
                </Word>
                <Word id="r_10_tl_13_w8" custom="readingOrder {index:7;}">
                    <Coords points="1064,934 1064,994 1210,994 1210,934"/>
                    <TextEquiv>
                        <Unicode>Forbes,</Unicode>
                    </TextEquiv>
                </Word>
                <Word id="r_10_tl_13_w9" custom="readingOrder {index:8;}">
                    <Coords points="1238,929 1238,989 1275,989 1275,929"/>
                    <TextEquiv>
                        <Unicode>ein</Unicode>
                    </TextEquiv>
                </Word>
                <TextEquiv>
                    <Unicode>tel ist mit ihm erloschen. Der Capitain Forbes, ein</Unicode>
                </TextEquiv>
            </TextLine>
            <TextLine id="r_10_tl_14" custom="readingOrder {index:13;}">
                <Coords points="282,1032 1287,1022 1287,978 282,990"/>
                <Baseline points="295,1027 307,1030 352,1027 397,1027 441,1027 486,1024 531,1021 576,1024 620,1021 665,1021 710,1021 755,1021 800,1021 844,1021 889,1021 934,1021 979,1021 1024,1021 1068,1021 1113,1021 1158,1021 1203,1018 1247,1015 1292,1012"/>
                <Word id="r_10_tl_14_w1" custom="readingOrder {index:0;}">
                    <Coords points="287,987 287,1047 544,1047 544,987"/>
                    <TextEquiv>
                        <Unicode>Schottländer,</Unicode>
                    </TextEquiv>
                </Word>
                <Word id="r_10_tl_14_w2" custom="readingOrder {index:1;}">
                    <Coords points="560,981 560,1041 683,1041 683,981"/>
                    <TextEquiv>
                        <Unicode>welcher</Unicode>
                    </TextEquiv>
                </Word>
                <Word id="r_10_tl_14_w3" custom="readingOrder {index:2;}">
                    <Coords points="709,981 709,1041 848,1041 848,981"/>
                    <TextEquiv>
                        <Unicode>vormals</Unicode>
                    </TextEquiv>
                </Word>
                <Word id="r_10_tl_14_w4" custom="readingOrder {index:3;}">
                    <Coords points="874,981 874,1041 899,1041 899,981"/>
                    <TextEquiv>
                        <Unicode>in</Unicode>
                    </TextEquiv>
                </Word>
                <Word id="r_10_tl_14_w5" custom="readingOrder {index:4;}">
                    <Coords points="926,981 926,1041 1157,1041 1157,981"/>
                    <TextEquiv>
                        <Unicode>Französischen</Unicode>
                    </TextEquiv>
                </Word>
                <Word id="r_10_tl_14_w6" custom="readingOrder {index:5;}">
                    <Coords points="1178,976 1178,1036 1286,1036 1286,976"/>
                    <TextEquiv>
                        <Unicode>Dien¬</Unicode>
                    </TextEquiv>
                </Word>
                <TextEquiv>
                    <Unicode>Schottländer, welcher vormals in Französischen Dien¬</Unicode>
                </TextEquiv>
            </TextLine>
            <TextLine id="r_10_tl_15" custom="readingOrder {index:14;}">
                <Coords points="290,1087 1282,1074 1282,1022 290,1037"/>
                <Baseline points="304,1071 349,1071 394,1071 438,1068 483,1068 528,1068 573,1065 618,1068 662,1068 707,1068 752,1068 797,1065 841,1065 886,1065 931,1065 976,1065 1021,1065 1065,1065 1110,1065 1155,1065 1200,1062 1244,1059 1289,1056"/>
                <Word id="r_10_tl_15_w1" custom="readingOrder {index:0;}">
                    <Coords points="290,1031 290,1091 346,1091 346,1031"/>
                    <TextEquiv>
                        <Unicode>sten</Unicode>
                    </TextEquiv>
                </Word>
                <Word id="r_10_tl_15_w2" custom="readingOrder {index:1;}">
                    <Coords points="377,1028 377,1088 563,1088 563,1028"/>
                    <TextEquiv>
                        <Unicode>gestanden,</Unicode>
                    </TextEquiv>
                </Word>
                <Word id="r_10_tl_15_w3" custom="readingOrder {index:2;}">
                    <Coords points="584,1027 584,1087 640,1087 640,1027"/>
                    <TextEquiv>
                        <Unicode>und</Unicode>
                    </TextEquiv>
                </Word>
                <Word id="r_10_tl_15_w4" custom="readingOrder {index:3;}">
                    <Coords points="666,1028 666,1088 712,1088 712,1028"/>
                    <TextEquiv>
                        <Unicode>sich</Unicode>
                    </TextEquiv>
                </Word>
                <Word id="r_10_tl_15_w5" custom="readingOrder {index:4;}">
                    <Coords points="739,1027 739,1087 785,1087 785,1027"/>
                    <TextEquiv>
                        <Unicode>als</Unicode>
                    </TextEquiv>
                </Word>
                <Word id="r_10_tl_15_w6" custom="readingOrder {index:5;}">
                    <Coords points="811,1025 811,1085 852,1085 852,1025"/>
                    <TextEquiv>
                        <Unicode>ein</Unicode>
                    </TextEquiv>
                </Word>
                <Word id="r_10_tl_15_w7" custom="readingOrder {index:6;}">
                    <Coords points="883,1025 883,1085 1074,1085 1074,1025"/>
                    <TextEquiv>
                        <Unicode>Antagonist</Unicode>
                    </TextEquiv>
                </Word>
                <Word id="r_10_tl_15_w8" custom="readingOrder {index:7;}">
                    <Coords points="1095,1025 1095,1085 1146,1085 1146,1025"/>
                    <TextEquiv>
                        <Unicode>des</Unicode>
                    </TextEquiv>
                </Word>
                <Word id="r_10_tl_15_w9" custom="readingOrder {index:8;}">
                    <Coords points="1172,1020 1172,1080 1275,1080 1275,1020"/>
                    <TextEquiv>
                        <Unicode>Herrn</Unicode>
                    </TextEquiv>
                </Word>
                <TextEquiv>
                    <Unicode>sten gestanden, und sich als ein Antagonist des Herrn</Unicode>
                </TextEquiv>
            </TextLine>
            <TextLine id="r_10_tl_16" custom="readingOrder {index:15;}">
                <Coords points="282,1134 1287,1111 1272,1069 282,1089"/>
                <Baseline points="295,1116 307,1113 352,1113 397,1116 441,1113 486,1113 531,1113 576,1110 620,1113 665,1110 710,1110 755,1107 800,1107 844,1107 889,1107 934,1110 979,1107 1024,1107 1068,1110 1113,1110 1158,1110 1203,1107 1247,1104 1292,1104"/>
                <Word id="r_10_tl_16_w1" custom="readingOrder {index:0;}">
                    <Coords points="288,1073 288,1133 415,1133 415,1073"/>
                    <TextEquiv>
                        <Unicode>Wilkes</Unicode>
                    </TextEquiv>
                </Word>
                <Word id="r_10_tl_16_w2" custom="readingOrder {index:1;}">
                    <Coords points="443,1073 443,1133 592,1133 592,1073"/>
                    <TextEquiv>
                        <Unicode>bewiesen</Unicode>
                    </TextEquiv>
                </Word>
                <Word id="r_10_tl_16_w3" custom="readingOrder {index:2;}">
                    <Coords points="615,1070 615,1130 692,1130 692,1070"/>
                    <TextEquiv>
                        <Unicode>hat,</Unicode>
                    </TextEquiv>
                </Word>
                <Word id="r_10_tl_16_w4" custom="readingOrder {index:3;}">
                    <Coords points="720,1068 720,1128 753,1128 753,1068"/>
                    <TextEquiv>
                        <Unicode>ist</Unicode>
                    </TextEquiv>
                </Word>
                <Word id="r_10_tl_16_w5" custom="readingOrder {index:4;}">
                    <Coords points="775,1067 775,1127 797,1127 797,1067"/>
                    <TextEquiv>
                        <Unicode>in</Unicode>
                    </TextEquiv>
                </Word>
                <Word id="r_10_tl_16_w6" custom="readingOrder {index:5;}">
                    <Coords points="825,1069 825,1129 1057,1129 1057,1069"/>
                    <TextEquiv>
                        <Unicode>Portugisische</Unicode>
                    </TextEquiv>
                </Word>
                <Word id="r_10_tl_16_w7" custom="readingOrder {index:6;}">
                    <Coords points="1080,1070 1080,1130 1212,1130 1212,1070"/>
                    <TextEquiv>
                        <Unicode>Dienste</Unicode>
                    </TextEquiv>
                </Word>
                <Word id="r_10_tl_16_w8" custom="readingOrder {index:7;}">
                    <Coords points="1235,1064 1235,1124 1284,1124 1284,1064"/>
                    <TextEquiv>
                        <Unicode>ge¬</Unicode>
                    </TextEquiv>
                </Word>
                <TextEquiv>
                    <Unicode>Wilkes bewiesen hat, ist in Portugisische Dienste ge¬</Unicode>
                </TextEquiv>
            </TextLine>
            <TextLine id="r_10_tl_17" custom="readingOrder {index:16;}">
                <Coords points="277,1168 1280,1168 1280,1114 277,1131"/>
                <Baseline points="292,1164 301,1164 346,1164 391,1161 435,1161 480,1161 525,1155 570,1158 615,1158 659,1158 704,1155 749,1155 794,1155 838,1155 883,1155 928,1155 973,1155 1018,1155 1062,1155 1107,1155 1152,1155 1197,1155 1241,1152 1286,1152"/>
                <Word id="r_10_tl_17_w1" custom="readingOrder {index:0;}">
                    <Coords points="283,1124 283,1184 407,1184 407,1124"/>
                    <TextEquiv>
                        <Unicode>treten.</Unicode>
                    </TextEquiv>
                </Word>
                <Word id="r_10_tl_17_w2" custom="readingOrder {index:1;}">
                    <Coords points="457,1120 457,1180 505,1180 505,1120"/>
                    <TextEquiv>
                        <Unicode>Er</Unicode>
                    </TextEquiv>
                </Word>
                <Word id="r_10_tl_17_w3" custom="readingOrder {index:2;}">
                    <Coords points="538,1117 538,1177 597,1177 597,1117"/>
                    <TextEquiv>
                        <Unicode>hat</Unicode>
                    </TextEquiv>
                </Word>
                <Word id="r_10_tl_17_w4" custom="readingOrder {index:3;}">
                    <Coords points="620,1117 620,1177 717,1177 717,1117"/>
                    <TextEquiv>
                        <Unicode>große</Unicode>
                    </TextEquiv>
                </Word>
                <Word id="r_10_tl_17_w5" custom="readingOrder {index:4;}">
                    <Coords points="740,1115 740,1175 1049,1175 1049,1115"/>
                    <TextEquiv>
                        <Unicode>Recommendation</Unicode>
                    </TextEquiv>
                </Word>
                <Word id="r_10_tl_17_w6" custom="readingOrder {index:5;}">
                    <Coords points="1077,1115 1077,1175 1109,1175 1109,1115"/>
                    <TextEquiv>
                        <Unicode>an</Unicode>
                    </TextEquiv>
                </Word>
                <Word id="r_10_tl_17_w7" custom="readingOrder {index:6;}">
                    <Coords points="1137,1115 1137,1175 1190,1175 1190,1115"/>
                    <TextEquiv>
                        <Unicode>den</Unicode>
                    </TextEquiv>
                </Word>
                <Word id="r_10_tl_17_w8" custom="readingOrder {index:7;}">
                    <Coords points="1218,1112 1218,1172 1283,1172 1283,1112"/>
                    <TextEquiv>
                        <Unicode>Kö¬</Unicode>
                    </TextEquiv>
                </Word>
                <TextEquiv>
                    <Unicode>treten. Er hat große Recommendation an den Kö¬</Unicode>
                </TextEquiv>
            </TextLine>
            <TextLine id="r_10_tl_18" custom="readingOrder {index:17;}">
                <Coords points="285,1223 1287,1210 1287,1158 1136,1186 285,1178"/>
                <Baseline points="298,1212 307,1212 352,1212 397,1209 441,1209 486,1206 531,1206 576,1206 620,1206 665,1206 710,1206 755,1206 800,1203 844,1203 889,1203 934,1203 979,1206 1024,1203 1068,1203 1113,1203 1158,1200 1203,1200 1247,1200 1292,1200"/>
                <Word id="r_10_tl_18_w1" custom="readingOrder {index:0;}">
                    <Coords points="291,1172 291,1232 340,1232 340,1172"/>
                    <TextEquiv>
                        <Unicode>nig</Unicode>
                    </TextEquiv>
                </Word>
                <Word id="r_10_tl_18_w2" custom="readingOrder {index:1;}">
                    <Coords points="369,1169 369,1229 424,1229 424,1169"/>
                    <TextEquiv>
                        <Unicode>von</Unicode>
                    </TextEquiv>
                </Word>
                <Word id="r_10_tl_18_w3" custom="readingOrder {index:2;}">
                    <Coords points="452,1166 452,1226 629,1226 629,1166"/>
                    <TextEquiv>
                        <Unicode>Portugall</Unicode>
                    </TextEquiv>
                </Word>
                <Word id="r_10_tl_18_w4" custom="readingOrder {index:3;}">
                    <Coords points="652,1166 652,1226 707,1226 707,1166"/>
                    <TextEquiv>
                        <Unicode>von</Unicode>
                    </TextEquiv>
                </Word>
                <Word id="r_10_tl_18_w5" custom="readingOrder {index:4;}">
                    <Coords points="730,1163 730,1223 851,1223 851,1163"/>
                    <TextEquiv>
                        <Unicode>London</Unicode>
                    </TextEquiv>
                </Word>
                <Word id="r_10_tl_18_w6" custom="readingOrder {index:5;}">
                    <Coords points="880,1163 880,1223 940,1223 940,1163"/>
                    <TextEquiv>
                        <Unicode>aus</Unicode>
                    </TextEquiv>
                </Word>
                <Word id="r_10_tl_18_w7" custom="readingOrder {index:6;}">
                    <Coords points="963,1163 963,1223 1123,1223 1123,1163"/>
                    <TextEquiv>
                        <Unicode>erhalten.</Unicode>
                    </TextEquiv>
                </Word>
                <Word id="r_10_tl_18_w8" custom="readingOrder {index:7;}">
                    <Coords points="1151,1160 1151,1220 1201,1220 1201,1160"/>
                    <TextEquiv>
                        <Unicode>Es</Unicode>
                    </TextEquiv>
                </Word>
                <Word id="r_10_tl_18_w9" custom="readingOrder {index:8;}">
                    <Coords points="1229,1160 1229,1220 1284,1220 1284,1160"/>
                    <TextEquiv>
                        <Unicode>hat</Unicode>
                    </TextEquiv>
                </Word>
                <TextEquiv>
                    <Unicode>nig von Portugall von London aus erhalten. Es hat</Unicode>
                </TextEquiv>
            </TextLine>
            <TextLine id="r_10_tl_19" custom="readingOrder {index:18;}">
                <Coords points="295,1277 1282,1255 1282,1213 1138,1203 295,1225"/>
                <Baseline points="307,1265 346,1259 391,1259 435,1256 480,1259 525,1256 570,1256 615,1253 659,1253 704,1253 749,1253 794,1253 838,1256 883,1253 928,1253 973,1253 1018,1250 1062,1250 1107,1250 1152,1247 1197,1247 1241,1244 1286,1244"/>
                <Word id="r_10_tl_19_w1" custom="readingOrder {index:0;}">
                    <Coords points="290,1224 290,1284 337,1284 337,1224"/>
                    <TextEquiv>
                        <Unicode>sich</Unicode>
                    </TextEquiv>
                </Word>
                <Word id="r_10_tl_19_w2" custom="readingOrder {index:1;}">
                    <Coords points="364,1218 364,1278 427,1278 427,1218"/>
                    <TextEquiv>
                        <Unicode>eine</Unicode>
                    </TextEquiv>
                </Word>
                <Word id="r_10_tl_19_w3" custom="readingOrder {index:2;}">
                    <Coords points="455,1218 455,1278 529,1278 529,1218"/>
                    <TextEquiv>
                        <Unicode>neue</Unicode>
                    </TextEquiv>
                </Word>
                <Word id="r_10_tl_19_w4" custom="readingOrder {index:3;}">
                    <Coords points="551,1213 551,1273 657,1273 657,1213"/>
                    <TextEquiv>
                        <Unicode>Sekte</Unicode>
                    </TextEquiv>
                </Word>
                <Word id="r_10_tl_19_w5" custom="readingOrder {index:4;}">
                    <Coords points="679,1214 679,1274 939,1274 939,1214"/>
                    <TextEquiv>
                        <Unicode>hervorgethan,</Unicode>
                    </TextEquiv>
                </Word>
                <Word id="r_10_tl_19_w6" custom="readingOrder {index:5;}">
                    <Coords points="961,1211 961,1271 1019,1271 1019,1211"/>
                    <TextEquiv>
                        <Unicode>von</Unicode>
                    </TextEquiv>
                </Word>
                <Word id="r_10_tl_19_w7" custom="readingOrder {index:6;}">
                    <Coords points="1057,1209 1057,1269 1184,1269 1184,1209"/>
                    <TextEquiv>
                        <Unicode>welcher</Unicode>
                    </TextEquiv>
                </Word>
                <Word id="r_10_tl_19_w8" custom="readingOrder {index:7;}">
                    <Coords points="1206,1204 1206,1264 1274,1264 1274,1204"/>
                    <TextEquiv>
                        <Unicode>man</Unicode>
                    </TextEquiv>
                </Word>
                <TextEquiv>
                    <Unicode>sich eine neue Sekte hervorgethan, von welcher man</Unicode>
                </TextEquiv>
            </TextLine>
            <TextLine id="r_10_tl_20" custom="readingOrder {index:19;}">
                <Coords points="285,1324 1287,1314 1287,1252 285,1275"/>
                <Baseline points="298,1310 307,1310 352,1307 397,1307 441,1307 486,1307 531,1307 576,1304 620,1304 665,1304 710,1304 755,1304 800,1304 844,1304 889,1301 934,1301 979,1298 1024,1301 1068,1298 1113,1298 1158,1298 1203,1298 1247,1295 1292,1295"/>
                <Word id="r_10_tl_20_w1" custom="readingOrder {index:0;}">
                    <Coords points="291,1267 291,1327 401,1327 401,1267"/>
                    <TextEquiv>
                        <Unicode>bisher</Unicode>
                    </TextEquiv>
                </Word>
                <Word id="r_10_tl_20_w2" custom="readingOrder {index:1;}">
                    <Coords points="430,1267 430,1327 562,1327 562,1267"/>
                    <TextEquiv>
                        <Unicode>niemals</Unicode>
                    </TextEquiv>
                </Word>
                <Word id="r_10_tl_20_w3" custom="readingOrder {index:2;}">
                    <Coords points="590,1264 590,1324 685,1324 685,1264"/>
                    <TextEquiv>
                        <Unicode>etwas</Unicode>
                    </TextEquiv>
                </Word>
                <Word id="r_10_tl_20_w4" custom="readingOrder {index:3;}">
                    <Coords points="713,1264 713,1324 823,1324 823,1264"/>
                    <TextEquiv>
                        <Unicode>gehört</Unicode>
                    </TextEquiv>
                </Word>
                <Word id="r_10_tl_20_w5" custom="readingOrder {index:4;}">
                    <Coords points="841,1261 841,1321 912,1321 912,1261"/>
                    <TextEquiv>
                        <Unicode>hat.</Unicode>
                    </TextEquiv>
                </Word>
                <Word id="r_10_tl_20_w6" custom="readingOrder {index:5;}">
                    <Coords points="969,1259 969,1319 1040,1319 1040,1259"/>
                    <TextEquiv>
                        <Unicode>Sie</Unicode>
                    </TextEquiv>
                </Word>
                <Word id="r_10_tl_20_w7" custom="readingOrder {index:6;}">
                    <Coords points="1069,1258 1069,1318 1206,1318 1206,1258"/>
                    <TextEquiv>
                        <Unicode>befindet</Unicode>
                    </TextEquiv>
                </Word>
                <Word id="r_10_tl_20_w8" custom="readingOrder {index:7;}">
                    <Coords points="1229,1255 1229,1315 1278,1315 1278,1255"/>
                    <TextEquiv>
                        <Unicode>sich</Unicode>
                    </TextEquiv>
                </Word>
                <TextEquiv>
                    <Unicode>bisher niemals etwas gehört hat. Sie befindet sich</Unicode>
                </TextEquiv>
            </TextLine>
            <TextLine id="r_10_tl_21" custom="readingOrder {index:20;}">
                <Coords points="287,1366 1282,1364 1282,1314 1215,1299 1101,1334 958,1302 287,1322"/>
                <Baseline points="301,1358 304,1355 349,1358 394,1358 438,1355 483,1355 528,1355 573,1355 618,1355 662,1355 707,1352 752,1352 797,1352 841,1352 886,1352 931,1352 976,1349 1021,1352 1065,1352 1110,1349 1155,1349 1200,1346 1244,1346 1289,1346"/>
                <Word id="r_10_tl_21_w1" custom="readingOrder {index:0;}">
                    <Coords points="293,1315 293,1375 321,1375 321,1315"/>
                    <TextEquiv>
                        <Unicode>in</Unicode>
                    </TextEquiv>
                </Word>
                <Word id="r_10_tl_21_w2" custom="readingOrder {index:1;}">
                    <Coords points="356,1315 356,1375 502,1375 502,1315"/>
                    <TextEquiv>
                        <Unicode>Amerika</Unicode>
                    </TextEquiv>
                </Word>
                <Word id="r_10_tl_21_w3" custom="readingOrder {index:2;}">
                    <Coords points="531,1315 531,1375 559,1375 559,1315"/>
                    <TextEquiv>
                        <Unicode>in</Unicode>
                    </TextEquiv>
                </Word>
                <Word id="r_10_tl_21_w4" custom="readingOrder {index:3;}">
                    <Coords points="593,1315 593,1375 639,1375 639,1315"/>
                    <TextEquiv>
                        <Unicode>der</Unicode>
                    </TextEquiv>
                </Word>
                <Word id="r_10_tl_21_w5" custom="readingOrder {index:4;}">
                    <Coords points="673,1312 673,1372 820,1372 820,1312"/>
                    <TextEquiv>
                        <Unicode>Provinz</Unicode>
                    </TextEquiv>
                </Word>
                <Word id="r_10_tl_21_w6" custom="readingOrder {index:5;}">
                    <Coords points="843,1309 843,1369 1097,1369 1097,1309"/>
                    <TextEquiv>
                        <Unicode>Pensylvania,</Unicode>
                    </TextEquiv>
                </Word>
                <Word id="r_10_tl_21_w7" custom="readingOrder {index:6;}">
                    <Coords points="1138,1309 1138,1369 1160,1369 1160,1309"/>
                    <TextEquiv>
                        <Unicode>in</Unicode>
                    </TextEquiv>
                </Word>
                <Word id="r_10_tl_21_w8" custom="readingOrder {index:7;}">
                    <Coords points="1195,1306 1195,1366 1279,1366 1279,1306"/>
                    <TextEquiv>
                        <Unicode>einer</Unicode>
                    </TextEquiv>
                </Word>
                <TextEquiv>
                    <Unicode>in Amerika in der Provinz Pensylvania, in einer</Unicode>
                </TextEquiv>
            </TextLine>
            <TextLine id="r_10_tl_22" custom="readingOrder {index:21;}">
                <Coords points="285,1411 1285,1413 1285,1364 1193,1351 285,1364"/>
                <Baseline points="298,1400 304,1403 349,1406 394,1406 438,1403 483,1403 528,1403 573,1400 618,1400 662,1400 707,1403 752,1400 797,1400 841,1400 886,1400 931,1403 976,1400 1021,1400 1065,1397 1110,1400 1155,1397 1200,1397 1244,1397 1289,1397"/>
                <Word id="r_10_tl_22_w1" custom="readingOrder {index:0;}">
                    <Coords points="290,1366 290,1426 422,1426 422,1366"/>
                    <TextEquiv>
                        <Unicode>Stadt,</Unicode>
                    </TextEquiv>
                </Word>
                <Word id="r_10_tl_22_w2" custom="readingOrder {index:1;}">
                    <Coords points="449,1363 449,1423 497,1423 497,1363"/>
                    <TextEquiv>
                        <Unicode>die</Unicode>
                    </TextEquiv>
                </Word>
                <Word id="r_10_tl_22_w3" custom="readingOrder {index:2;}">
                    <Coords points="519,1362 519,1422 555,1422 555,1362"/>
                    <TextEquiv>
                        <Unicode>sie</Unicode>
                    </TextEquiv>
                </Word>
                <Word id="r_10_tl_22_w4" custom="readingOrder {index:3;}">
                    <Coords points="582,1360 582,1420 661,1420 661,1360"/>
                    <TextEquiv>
                        <Unicode>ganz</Unicode>
                    </TextEquiv>
                </Word>
                <Word id="r_10_tl_22_w5" custom="readingOrder {index:4;}">
                    <Coords points="678,1361 678,1421 768,1421 768,1361"/>
                    <TextEquiv>
                        <Unicode>allein</Unicode>
                    </TextEquiv>
                </Word>
                <Word id="r_10_tl_22_w6" custom="readingOrder {index:5;}">
                    <Coords points="795,1360 795,1420 985,1420 985,1360"/>
                    <TextEquiv>
                        <Unicode>bewohnet,</Unicode>
                    </TextEquiv>
                </Word>
                <Word id="r_10_tl_22_w7" custom="readingOrder {index:6;}">
                    <Coords points="1018,1358 1018,1418 1075,1418 1075,1358"/>
                    <TextEquiv>
                        <Unicode>und</Unicode>
                    </TextEquiv>
                </Word>
                <Word id="r_10_tl_22_w8" custom="readingOrder {index:7;}">
                    <Coords points="1103,1358 1103,1418 1161,1418 1161,1358"/>
                    <TextEquiv>
                        <Unicode>von</Unicode>
                    </TextEquiv>
                </Word>
                <Word id="r_10_tl_22_w9" custom="readingOrder {index:8;}">
                    <Coords points="1188,1357 1188,1417 1272,1417 1272,1357"/>
                    <TextEquiv>
                        <Unicode>ihnen</Unicode>
                    </TextEquiv>
                </Word>
                <TextEquiv>
                    <Unicode>Stadt, die sie ganz allein bewohnet, und von ihnen</Unicode>
                </TextEquiv>
            </TextLine>
            <TextLine id="r_10_tl_23" custom="readingOrder {index:22;}">
                <Coords points="285,1463 1287,1453 1287,1413 1181,1398 285,1421"/>
                <Baseline points="298,1453 307,1453 352,1453 397,1453 441,1453 486,1450 531,1447 576,1447 620,1447 665,1450 710,1447 755,1447 800,1447 844,1450 889,1450 934,1447 979,1447 1024,1447 1068,1447 1113,1447 1158,1447 1203,1444 1247,1444 1292,1444"/>
                <Word id="r_10_tl_23_w1" custom="readingOrder {index:0;}">
                    <Coords points="290,1413 290,1473 343,1473 343,1413"/>
                    <TextEquiv>
                        <Unicode>den</Unicode>
                    </TextEquiv>
                </Word>
                <Word id="r_10_tl_23_w2" custom="readingOrder {index:1;}">
                    <Coords points="375,1413 375,1473 502,1473 502,1413"/>
                    <TextEquiv>
                        <Unicode>Namen</Unicode>
                    </TextEquiv>
                </Word>
                <Word id="r_10_tl_23_w3" custom="readingOrder {index:2;}">
                    <Coords points="539,1407 539,1467 713,1467 713,1407"/>
                    <TextEquiv>
                        <Unicode>Ephrata,</Unicode>
                    </TextEquiv>
                </Word>
                <Word id="r_10_tl_23_w4" custom="readingOrder {index:3;}">
                    <Coords points="740,1407 740,1467 793,1467 793,1407"/>
                    <TextEquiv>
                        <Unicode>der</Unicode>
                    </TextEquiv>
                </Word>
                <Word id="r_10_tl_23_w5" custom="readingOrder {index:4;}">
                    <Coords points="815,1408 815,1468 1005,1468 1005,1408"/>
                    <TextEquiv>
                        <Unicode>Grafschaft</Unicode>
                    </TextEquiv>
                </Word>
                <Word id="r_10_tl_23_w6" custom="readingOrder {index:5;}">
                    <Coords points="1021,1407 1021,1467 1206,1467 1206,1407"/>
                    <TextEquiv>
                        <Unicode>Lancaster,</Unicode>
                    </TextEquiv>
                </Word>
                <Word id="r_10_tl_23_w7" custom="readingOrder {index:6;}">
                    <Coords points="1233,1404 1233,1464 1285,1464 1285,1404"/>
                    <TextEquiv>
                        <Unicode>be¬</Unicode>
                    </TextEquiv>
                </Word>
                <TextEquiv>
                    <Unicode>den Namen Ephrata, der Grafschaft Lancaster, be¬</Unicode>
                </TextEquiv>
            </TextLine>
            <TextLine id="r_10_tl_24" custom="readingOrder {index:23;}">
                <Coords points="285,1512 1287,1502 1257,1448 285,1463"/>
                <Baseline points="298,1501 307,1501 352,1498 397,1498 441,1498 486,1498 531,1498 576,1495 620,1495 665,1498 710,1495 755,1495 800,1495 844,1495 889,1495 934,1495 979,1495 1024,1495 1068,1495 1113,1492 1158,1492 1203,1492 1247,1489 1292,1486"/>
                <Word id="r_10_tl_24_w1" custom="readingOrder {index:0;}">
                    <Coords points="290,1458 290,1518 429,1518 429,1458"/>
                    <TextEquiv>
                        <Unicode>kommen</Unicode>
                    </TextEquiv>
                </Word>
                <Word id="r_10_tl_24_w2" custom="readingOrder {index:1;}">
                    <Coords points="461,1458 461,1518 533,1518 533,1458"/>
                    <TextEquiv>
                        <Unicode>hat.</Unicode>
                    </TextEquiv>
                </Word>
                <Word id="r_10_tl_24_w3" custom="readingOrder {index:2;}">
                    <Coords points="575,1456 575,1516 699,1516 699,1456"/>
                    <TextEquiv>
                        <Unicode>Einige</Unicode>
                    </TextEquiv>
                </Word>
                <Word id="r_10_tl_24_w4" custom="readingOrder {index:3;}">
                    <Coords points="720,1455 720,1515 839,1515 839,1455"/>
                    <TextEquiv>
                        <Unicode>nennen</Unicode>
                    </TextEquiv>
                </Word>
                <Word id="r_10_tl_24_w5" custom="readingOrder {index:4;}">
                    <Coords points="871,1455 871,1515 901,1515 901,1455"/>
                    <TextEquiv>
                        <Unicode>sie</Unicode>
                    </TextEquiv>
                </Word>
                <Word id="r_10_tl_24_w6" custom="readingOrder {index:5;}">
                    <Coords points="922,1455 922,1515 1124,1515 1124,1455"/>
                    <TextEquiv>
                        <Unicode>Dumplers,</Unicode>
                    </TextEquiv>
                </Word>
                <Word id="r_10_tl_24_w7" custom="readingOrder {index:6;}">
                    <Coords points="1135,1452 1135,1512 1186,1512 1186,1452"/>
                    <TextEquiv>
                        <Unicode>ihr</Unicode>
                    </TextEquiv>
                </Word>
                <Word id="r_10_tl_24_w8" custom="readingOrder {index:7;}">
                    <Coords points="1208,1449 1208,1509 1285,1509 1285,1449"/>
                    <TextEquiv>
                        <Unicode>rech¬</Unicode>
                    </TextEquiv>
                </Word>
                <TextEquiv>
                    <Unicode>kommen hat. Einige nennen sie Dumplers, ihr rech¬</Unicode>
                </TextEquiv>
            </TextLine>
            <TextLine id="r_10_tl_25" custom="readingOrder {index:24;}">
                <Coords points="287,1557 1287,1554 1287,1500 287,1512"/>
                <Baseline points="301,1546 307,1549 352,1546 397,1546 441,1546 486,1546 531,1546 576,1543 620,1543 665,1540 710,1543 755,1546 800,1543 844,1543 889,1543 934,1543 979,1540 1024,1540 1068,1540 1113,1540 1158,1540 1203,1540 1247,1540 1292,1540"/>
                <Word id="r_10_tl_25_w1" custom="readingOrder {index:0;}">
                    <Coords points="292,1508 292,1568 338,1568 338,1508"/>
                    <TextEquiv>
                        <Unicode>ter</Unicode>
                    </TextEquiv>
                </Word>
                <Word id="r_10_tl_25_w2" custom="readingOrder {index:1;}">
                    <Coords points="370,1506 370,1566 483,1566 483,1506"/>
                    <TextEquiv>
                        <Unicode>Name</Unicode>
                    </TextEquiv>
                </Word>
                <Word id="r_10_tl_25_w3" custom="readingOrder {index:2;}">
                    <Coords points="509,1505 509,1565 581,1565 581,1505"/>
                    <TextEquiv>
                        <Unicode>aber</Unicode>
                    </TextEquiv>
                </Word>
                <Word id="r_10_tl_25_w4" custom="readingOrder {index:3;}">
                    <Coords points="613,1502 613,1562 648,1562 648,1502"/>
                    <TextEquiv>
                        <Unicode>ist</Unicode>
                    </TextEquiv>
                </Word>
                <Word id="r_10_tl_25_w5" custom="readingOrder {index:4;}">
                    <Coords points="675,1504 675,1564 887,1564 887,1504"/>
                    <TextEquiv>
                        <Unicode>Danckards.</Unicode>
                    </TextEquiv>
                </Word>
                <Word id="r_10_tl_25_w6" custom="readingOrder {index:5;}">
                    <Coords points="934,1500 934,1560 1011,1560 1011,1500"/>
                    <TextEquiv>
                        <Unicode>Der</Unicode>
                    </TextEquiv>
                </Word>
                <Word id="r_10_tl_25_w7" custom="readingOrder {index:6;}">
                    <Coords points="1042,1500 1042,1560 1135,1560 1135,1500"/>
                    <TextEquiv>
                        <Unicode>ganze</Unicode>
                    </TextEquiv>
                </Word>
                <Word id="r_10_tl_25_w8" custom="readingOrder {index:7;}">
                    <Coords points="1167,1500 1167,1560 1275,1560 1275,1500"/>
                    <TextEquiv>
                        <Unicode>Strich</Unicode>
                    </TextEquiv>
                </Word>
                <TextEquiv>
                    <Unicode>ter Name aber ist Danckards. Der ganze Strich</Unicode>
                </TextEquiv>
            </TextLine>
            <TextLine id="r_10_tl_26" custom="readingOrder {index:25;}">
                <Coords points="287,1609 1280,1596 1250,1547 287,1557"/>
                <Baseline points="301,1594 346,1594 391,1594 435,1594 480,1594 525,1591 570,1594 615,1591 659,1594 704,1591 749,1591 794,1591 838,1591 883,1591 928,1591 973,1591 1018,1588 1062,1591 1107,1588 1152,1588 1197,1588 1241,1585 1286,1585"/>
                <Word id="r_10_tl_26_w1" custom="readingOrder {index:0;}">
                    <Coords points="293,1554 293,1614 438,1614 438,1554"/>
                    <TextEquiv>
                        <Unicode>Landes,</Unicode>
                    </TextEquiv>
                </Word>
                <Word id="r_10_tl_26_w2" custom="readingOrder {index:1;}">
                    <Coords points="460,1553 460,1613 509,1613 509,1553"/>
                    <TextEquiv>
                        <Unicode>den</Unicode>
                    </TextEquiv>
                </Word>
                <Word id="r_10_tl_26_w3" custom="readingOrder {index:2;}">
                    <Coords points="547,1553 547,1613 584,1613 584,1553"/>
                    <TextEquiv>
                        <Unicode>sie</Unicode>
                    </TextEquiv>
                </Word>
                <Word id="r_10_tl_26_w4" custom="readingOrder {index:3;}">
                    <Coords points="612,1552 612,1612 758,1612 758,1552"/>
                    <TextEquiv>
                        <Unicode>besitzen,</Unicode>
                    </TextEquiv>
                </Word>
                <Word id="r_10_tl_26_w5" custom="readingOrder {index:4;}">
                    <Coords points="780,1551 780,1611 899,1611 899,1551"/>
                    <TextEquiv>
                        <Unicode>besteht</Unicode>
                    </TextEquiv>
                </Word>
                <Word id="r_10_tl_26_w6" custom="readingOrder {index:5;}">
                    <Coords points="926,1548 926,1608 1105,1608 1105,1548"/>
                    <TextEquiv>
                        <Unicode>ohngefehr</Unicode>
                    </TextEquiv>
                </Word>
                <Word id="r_10_tl_26_w7" custom="readingOrder {index:6;}">
                    <Coords points="1132,1548 1132,1608 1191,1608 1191,1548"/>
                    <TextEquiv>
                        <Unicode>aus</Unicode>
                    </TextEquiv>
                </Word>
                <Word id="r_10_tl_26_w8" custom="readingOrder {index:7;}">
                    <Coords points="1213,1545 1213,1605 1272,1605 1272,1545"/>
                    <TextEquiv>
                        <Unicode>150</Unicode>
                    </TextEquiv>
                </Word>
                <TextEquiv>
                    <Unicode>Landes, den sie besitzen, besteht ohngefehr aus 150</Unicode>
                </TextEquiv>
            </TextLine>
            <TextLine id="r_10_tl_27" custom="readingOrder {index:26;}">
                <Coords points="285,1651 1289,1648 1289,1601 1210,1589 285,1606"/>
                <Baseline points="298,1642 310,1642 355,1642 400,1642 444,1642 489,1642 534,1642 579,1642 623,1639 668,1636 713,1636 758,1639 803,1639 847,1639 892,1639 937,1639 982,1639 1027,1636 1071,1636 1116,1633 1161,1636 1206,1636 1250,1633 1295,1633"/>
                <Word id="r_10_tl_27_w1" custom="readingOrder {index:0;}">
                    <Coords points="295,1602 295,1662 439,1662 439,1602"/>
                    <TextEquiv>
                        <Unicode>Morgen</Unicode>
                    </TextEquiv>
                </Word>
                <Word id="r_10_tl_27_w2" custom="readingOrder {index:1;}">
                    <Coords points="465,1602 465,1662 610,1662 610,1602"/>
                    <TextEquiv>
                        <Unicode>Landes.</Unicode>
                    </TextEquiv>
                </Word>
                <Word id="r_10_tl_27_w3" custom="readingOrder {index:2;}">
                    <Coords points="662,1596 662,1656 724,1656 724,1596"/>
                    <TextEquiv>
                        <Unicode>Ein</Unicode>
                    </TextEquiv>
                </Word>
                <Word id="r_10_tl_27_w4" custom="readingOrder {index:3;}">
                    <Coords points="755,1599 755,1659 951,1659 951,1599"/>
                    <TextEquiv>
                        <Unicode>Deutscher,</Unicode>
                    </TextEquiv>
                </Word>
                <Word id="r_10_tl_27_w5" custom="readingOrder {index:4;}">
                    <Coords points="978,1597 978,1657 1028,1657 1028,1597"/>
                    <TextEquiv>
                        <Unicode>der</Unicode>
                    </TextEquiv>
                </Word>
                <Word id="r_10_tl_27_w6" custom="readingOrder {index:5;}">
                    <Coords points="1055,1595 1055,1655 1112,1655 1112,1595"/>
                    <TextEquiv>
                        <Unicode>das</Unicode>
                    </TextEquiv>
                </Word>
                <Word id="r_10_tl_27_w7" custom="readingOrder {index:6;}">
                    <Coords points="1143,1595 1143,1655 1282,1655 1282,1595"/>
                    <TextEquiv>
                        <Unicode>einsame</Unicode>
                    </TextEquiv>
                </Word>
                <TextEquiv>
                    <Unicode>Morgen Landes. Ein Deutscher, der das einsame</Unicode>
                </TextEquiv>
            </TextLine>
            <TextLine id="r_10_tl_28" custom="readingOrder {index:27;}">
                <Coords points="285,1698 1287,1688 1265,1638 285,1651"/>
                <Baseline points="298,1686 307,1686 352,1686 397,1686 441,1686 486,1686 531,1686 576,1683 620,1680 665,1683 710,1680 755,1680 800,1680 844,1680 889,1680 934,1680 979,1683 1024,1680 1068,1680 1113,1677 1158,1677 1203,1677 1247,1677 1292,1677"/>
                <Word id="r_10_tl_28_w1" custom="readingOrder {index:0;}">
                    <Coords points="290,1646 290,1706 385,1706 385,1646"/>
                    <TextEquiv>
                        <Unicode>Leben</Unicode>
                    </TextEquiv>
                </Word>
                <Word id="r_10_tl_28_w2" custom="readingOrder {index:1;}">
                    <Coords points="421,1646 421,1706 538,1706 538,1646"/>
                    <TextEquiv>
                        <Unicode>liebte,</Unicode>
                    </TextEquiv>
                </Word>
                <Word id="r_10_tl_28_w3" custom="readingOrder {index:2;}">
                    <Coords points="564,1642 564,1702 604,1702 604,1642"/>
                    <TextEquiv>
                        <Unicode>ist</Unicode>
                    </TextEquiv>
                </Word>
                <Word id="r_10_tl_28_w4" custom="readingOrder {index:3;}">
                    <Coords points="630,1642 630,1702 680,1702 680,1642"/>
                    <TextEquiv>
                        <Unicode>der</Unicode>
                    </TextEquiv>
                </Word>
                <Word id="r_10_tl_28_w5" custom="readingOrder {index:4;}">
                    <Coords points="711,1640 711,1700 782,1700 782,1640"/>
                    <TextEquiv>
                        <Unicode>erste</Unicode>
                    </TextEquiv>
                </Word>
                <Word id="r_10_tl_28_w6" custom="readingOrder {index:5;}">
                    <Coords points="813,1640 813,1700 939,1700 939,1640"/>
                    <TextEquiv>
                        <Unicode>Stifter</Unicode>
                    </TextEquiv>
                </Word>
                <Word id="r_10_tl_28_w7" custom="readingOrder {index:6;}">
                    <Coords points="971,1640 971,1700 1067,1700 1067,1640"/>
                    <TextEquiv>
                        <Unicode>dieser</Unicode>
                    </TextEquiv>
                </Word>
                <Word id="r_10_tl_28_w8" custom="readingOrder {index:7;}">
                    <Coords points="1098,1637 1098,1697 1224,1697 1224,1637"/>
                    <TextEquiv>
                        <Unicode>Sekte;</Unicode>
                    </TextEquiv>
                </Word>
                <Word id="r_10_tl_28_w9" custom="readingOrder {index:8;}">
                    <Coords points="1255,1637 1255,1697 1285,1697 1285,1637"/>
                    <TextEquiv>
                        <Unicode>er</Unicode>
                    </TextEquiv>
                </Word>
                <TextEquiv>
                    <Unicode>Leben liebte, ist der erste Stifter dieser Sekte; er</Unicode>
                </TextEquiv>
            </TextLine>
            <TextLine id="r_10_tl_29" custom="readingOrder {index:28;}">
                <Coords points="290,1740 1292,1732 1294,1688 1240,1683 292,1698"/>
                <Baseline points="304,1731 313,1731 358,1731 403,1728 447,1728 492,1725 537,1725 582,1725 626,1722 671,1725 716,1722 761,1725 806,1722 850,1722 895,1722 940,1722 985,1722 1030,1722 1074,1722 1119,1722 1164,1722 1209,1719 1253,1719 1298,1719"/>
                <Word id="r_10_tl_29_w1" custom="readingOrder {index:0;}">
                    <Coords points="294,1691 294,1751 377,1751 377,1691"/>
                    <TextEquiv>
                        <Unicode>lebte</Unicode>
                    </TextEquiv>
                </Word>
                <Word id="r_10_tl_29_w2" custom="readingOrder {index:1;}">
                    <Coords points="406,1688 406,1748 466,1748 466,1688"/>
                    <TextEquiv>
                        <Unicode>wie</Unicode>
                    </TextEquiv>
                </Word>
                <Word id="r_10_tl_29_w3" custom="readingOrder {index:2;}">
                    <Coords points="504,1685 504,1745 545,1745 545,1685"/>
                    <TextEquiv>
                        <Unicode>ein</Unicode>
                    </TextEquiv>
                </Word>
                <Word id="r_10_tl_29_w4" custom="readingOrder {index:3;}">
                    <Coords points="588,1683 588,1743 788,1743 788,1683"/>
                    <TextEquiv>
                        <Unicode>Einsiedler;</Unicode>
                    </TextEquiv>
                </Word>
                <Word id="r_10_tl_29_w5" custom="readingOrder {index:4;}">
                    <Coords points="812,1682 812,1742 943,1742 943,1682"/>
                    <TextEquiv>
                        <Unicode>worauf</Unicode>
                    </TextEquiv>
                </Word>
                <Word id="r_10_tl_29_w6" custom="readingOrder {index:5;}">
                    <Coords points="971,1682 971,1742 1017,1742 1017,1682"/>
                    <TextEquiv>
                        <Unicode>die</Unicode>
                    </TextEquiv>
                </Word>
                <Word id="r_10_tl_29_w7" custom="readingOrder {index:6;}">
                    <Coords points="1051,1682 1051,1742 1148,1742 1148,1682"/>
                    <TextEquiv>
                        <Unicode>kleine</Unicode>
                    </TextEquiv>
                </Word>
                <Word id="r_10_tl_29_w8" custom="readingOrder {index:7;}">
                    <Coords points="1177,1679 1177,1739 1288,1739 1288,1679"/>
                    <TextEquiv>
                        <Unicode>Stadt</Unicode>
                    </TextEquiv>
                </Word>
                <TextEquiv>
                    <Unicode>lebte wie ein Einsiedler; worauf die kleine Stadt</Unicode>
                </TextEquiv>
            </TextLine>
            <TextLine id="r_10_tl_30" custom="readingOrder {index:29;}">
                <Coords points="297,1782 1287,1777 1287,1728 1163,1723 297,1742"/>
                <Baseline points="310,1773 352,1773 397,1773 441,1773 486,1770 531,1770 576,1770 620,1767 665,1767 710,1767 755,1767 800,1764 844,1764 889,1764 934,1764 979,1764 1024,1764 1068,1764 1113,1761 1158,1761 1203,1761 1247,1761 1292,1761"/>
                <Word id="r_10_tl_30_w1" custom="readingOrder {index:0;}">
                    <Coords points="301,1733 301,1793 444,1793 444,1733"/>
                    <TextEquiv>
                        <Unicode>Ephrata</Unicode>
                    </TextEquiv>
                </Word>
                <Word id="r_10_tl_30_w2" custom="readingOrder {index:1;}">
                    <Coords points="473,1730 473,1790 601,1790 601,1730"/>
                    <TextEquiv>
                        <Unicode>erbauet</Unicode>
                    </TextEquiv>
                </Word>
                <Word id="r_10_tl_30_w3" custom="readingOrder {index:2;}">
                    <Coords points="621,1727 621,1787 769,1787 769,1727"/>
                    <TextEquiv>
                        <Unicode>worden.</Unicode>
                    </TextEquiv>
                </Word>
                <Word id="r_10_tl_30_w4" custom="readingOrder {index:3;}">
                    <Coords points="803,1724 803,1784 1018,1784 1018,1724"/>
                    <TextEquiv>
                        <Unicode>Verschiedne</Unicode>
                    </TextEquiv>
                </Word>
                <Word id="r_10_tl_30_w5" custom="readingOrder {index:4;}">
                    <Coords points="1038,1722 1038,1782 1133,1782 1133,1722"/>
                    <TextEquiv>
                        <Unicode>seiner</Unicode>
                    </TextEquiv>
                </Word>
                <Word id="r_10_tl_30_w6" custom="readingOrder {index:5;}">
                    <Coords points="1153,1721 1153,1781 1291,1781 1291,1721"/>
                    <TextEquiv>
                        <Unicode>Landes¬</Unicode>
                    </TextEquiv>
                </Word>
                <TextEquiv>
                    <Unicode>Ephrata erbauet worden. Verschiedne seiner Landes¬</Unicode>
                </TextEquiv>
            </TextLine>
            <TextLine id="r_10_tl_31" custom="readingOrder {index:30;}">
                <Coords points="297,1836 1297,1814 1297,1777 1240,1767 297,1782"/>
                <Baseline points="310,1821 316,1821 361,1821 406,1818 450,1818 495,1818 540,1818 585,1815 629,1815 674,1812 719,1812 764,1812 809,1812 853,1812 898,1812 943,1812 988,1809 1032,1809 1077,1809 1122,1806 1167,1806 1212,1806 1256,1806 1301,1803"/>
                <Word id="r_10_tl_31_w1" custom="readingOrder {index:0;}">
                    <Coords points="302,1781 302,1841 402,1841 402,1781"/>
                    <TextEquiv>
                        <Unicode>leute,</Unicode>
                    </TextEquiv>
                </Word>
                <Word id="r_10_tl_31_w2" custom="readingOrder {index:1;}">
                    <Coords points="424,1778 424,1838 534,1838 534,1778"/>
                    <TextEquiv>
                        <Unicode>welche</Unicode>
                    </TextEquiv>
                </Word>
                <Word id="r_10_tl_31_w3" custom="readingOrder {index:2;}">
                    <Coords points="561,1775 561,1835 592,1835 592,1775"/>
                    <TextEquiv>
                        <Unicode>an</Unicode>
                    </TextEquiv>
                </Word>
                <Word id="r_10_tl_31_w4" custom="readingOrder {index:3;}">
                    <Coords points="625,1772 625,1832 713,1832 713,1772"/>
                    <TextEquiv>
                        <Unicode>diesem</Unicode>
                    </TextEquiv>
                </Word>
                <Word id="r_10_tl_31_w5" custom="readingOrder {index:4;}">
                    <Coords points="762,1772 762,1832 1030,1832 1030,1772"/>
                    <TextEquiv>
                        <Unicode>Schneckenleben</Unicode>
                    </TextEquiv>
                </Word>
                <Word id="r_10_tl_31_w6" custom="readingOrder {index:5;}">
                    <Coords points="1058,1768 1058,1828 1126,1828 1126,1768"/>
                    <TextEquiv>
                        <Unicode>Lust</Unicode>
                    </TextEquiv>
                </Word>
                <Word id="r_10_tl_31_w7" custom="readingOrder {index:6;}">
                    <Coords points="1148,1766 1148,1826 1295,1826 1295,1766"/>
                    <TextEquiv>
                        <Unicode>empfan¬</Unicode>
                    </TextEquiv>
                </Word>
                <TextEquiv>
                    <Unicode>leute, welche an diesem Schneckenleben Lust empfan¬</Unicode>
                </TextEquiv>
            </TextLine>
            <TextLine id="r_10_tl_32" custom="readingOrder {index:31;}">
                <Coords points="295,1879 1195,1864 1351,1906 1770,1906 1770,1839 1661,1814 295,1839"/>
                <Baseline points="307,1871 310,1871 355,1871 400,1871 444,1868 489,1868 534,1865 579,1865 623,1865 668,1865 713,1865 758,1862 803,1862 847,1862 892,1862 937,1862 982,1862 1027,1859 1071,1859 1116,1857 1161,1859 1206,1857 1250,1857 1295,1857 1319,1862 1364,1862 1409,1862 1453,1862 1498,1862 1543,1862 1588,1865 1633,1862 1677,1862 1722,1862 1767,1865 1776,1868"/>
                <Word id="r_10_tl_32_w1" custom="readingOrder {index:0;}">
                    <Coords points="300,1831 300,1891 376,1891 376,1831"/>
                    <TextEquiv>
                        <Unicode>den,</Unicode>
                    </TextEquiv>
                </Word>
                <Word id="r_10_tl_32_w2" custom="readingOrder {index:1;}">
                    <Coords points="393,1828 393,1888 524,1888 524,1828"/>
                    <TextEquiv>
                        <Unicode>begaben</Unicode>
                    </TextEquiv>
                </Word>
                <Word id="r_10_tl_32_w3" custom="readingOrder {index:2;}">
                    <Coords points="556,1825 556,1885 601,1885 601,1825"/>
                    <TextEquiv>
                        <Unicode>sich</Unicode>
                    </TextEquiv>
                </Word>
                <Word id="r_10_tl_32_w4" custom="readingOrder {index:3;}">
                    <Coords points="625,1825 625,1885 655,1885 655,1825"/>
                    <TextEquiv>
                        <Unicode>zu</Unicode>
                    </TextEquiv>
                </Word>
                <Word id="r_10_tl_32_w5" custom="readingOrder {index:4;}">
                    <Coords points="680,1824 680,1884 772,1884 772,1824"/>
                    <TextEquiv>
                        <Unicode>ihm,</Unicode>
                    </TextEquiv>
                </Word>
                <Word id="r_10_tl_32_w6" custom="readingOrder {index:5;}">
                    <Coords points="796,1822 796,1882 849,1882 849,1822"/>
                    <TextEquiv>
                        <Unicode>und</Unicode>
                    </TextEquiv>
                </Word>
                <Word id="r_10_tl_32_w7" custom="readingOrder {index:6;}">
                    <Coords points="881,1822 881,1882 911,1882 911,1822"/>
                    <TextEquiv>
                        <Unicode>er</Unicode>
                    </TextEquiv>
                </Word>
                <Word id="r_10_tl_32_w8" custom="readingOrder {index:7;}">
                    <Coords points="935,1822 935,1882 1004,1882 1004,1822"/>
                    <TextEquiv>
                        <Unicode>war</Unicode>
                    </TextEquiv>
                </Word>
                <Word id="r_10_tl_32_w9" custom="readingOrder {index:8;}">
                    <Coords points="1028,1819 1028,1879 1074,1879 1074,1819"/>
                    <TextEquiv>
                        <Unicode>ihr</Unicode>
                    </TextEquiv>
                </Word>
                <Word id="r_10_tl_32_w10" custom="readingOrder {index:9;}">
                    <Coords points="1098,1818 1098,1878 1198,1878 1198,1818"/>
                    <TextEquiv>
                        <Unicode>Vater</Unicode>
                    </TextEquiv>
                </Word>
                <Word id="r_10_tl_32_w11" custom="readingOrder {index:10;}">
                    <Coords points="1214,1817 1214,1877 1275,1877 1275,1817"/>
                    <TextEquiv>
                        <Unicode>und</Unicode>
                    </TextEquiv>
                </Word>
                <Word id="r_10_tl_32_w12" custom="readingOrder {index:11;}">
                    <Coords points="1322,1822 1322,1882 1345,1882 1345,1822"/>
                    <TextEquiv>
                        <Unicode>in</Unicode>
                    </TextEquiv>
                </Word>
                <Word id="r_10_tl_32_w13" custom="readingOrder {index:12;}">
                    <Coords points="1377,1822 1377,1882 1422,1882 1422,1822"/>
                    <TextEquiv>
                        <Unicode>den</Unicode>
                    </TextEquiv>
                </Word>
                <Word id="r_10_tl_32_w14" custom="readingOrder {index:13;}">
                    <Coords points="1454,1822 1454,1882 1585,1882 1585,1822"/>
                    <TextEquiv>
                        <Unicode>Wochen</Unicode>
                    </TextEquiv>
                </Word>
                <Word id="r_10_tl_32_w15" custom="readingOrder {index:14;}">
                    <Coords points="1609,1822 1609,1882 1748,1882 1748,1822"/>
                    <TextEquiv>
                        <Unicode>gelegen.</Unicode>
                    </TextEquiv>
                </Word>
                <TextEquiv>
                    <Unicode>den, begaben sich zu ihm, und er war ihr Vater und in den Wochen gelegen.</Unicode>
                </TextEquiv>
            </TextLine>
            <TextLine id="r_10_tl_33" custom="readingOrder {index:32;}">
                <Coords points="295,1938 1287,1926 1287,1879 1250,1866 295,1879"/>
                <Baseline points="307,1922 352,1922 397,1919 441,1919 486,1922 531,1919 576,1916 620,1916 665,1916 710,1916 755,1913 800,1916 844,1913 889,1913 934,1913 979,1913 1024,1913 1068,1910 1113,1910 1158,1907 1203,1910 1247,1907 1292,1910"/>
                <Word id="r_10_tl_33_w1" custom="readingOrder {index:0;}">
                    <Coords points="303,1880 303,1940 432,1940 432,1880"/>
                    <TextEquiv>
                        <Unicode>Lehrer.</Unicode>
                    </TextEquiv>
                </Word>
                <Word id="r_10_tl_33_w2" custom="readingOrder {index:1;}">
                    <Coords points="476,1879 476,1939 567,1939 567,1879"/>
                    <TextEquiv>
                        <Unicode>Ihre</Unicode>
                    </TextEquiv>
                </Word>
                <Word id="r_10_tl_33_w3" custom="readingOrder {index:2;}">
                    <Coords points="593,1876 593,1936 764,1936 764,1876"/>
                    <TextEquiv>
                        <Unicode>äusserliche</Unicode>
                    </TextEquiv>
                </Word>
                <Word id="r_10_tl_33_w4" custom="readingOrder {index:3;}">
                    <Coords points="784,1873 784,1933 987,1933 987,1873"/>
                    <TextEquiv>
                        <Unicode>Einrichtung</Unicode>
                    </TextEquiv>
                </Word>
                <Word id="r_10_tl_33_w5" custom="readingOrder {index:4;}">
                    <Coords points="1012,1871 1012,1931 1067,1931 1067,1871"/>
                    <TextEquiv>
                        <Unicode>ist,</Unicode>
                    </TextEquiv>
                </Word>
                <Word id="r_10_tl_33_w6" custom="readingOrder {index:5;}">
                    <Coords points="1080,1870 1080,1930 1135,1930 1135,1870"/>
                    <TextEquiv>
                        <Unicode>daß</Unicode>
                    </TextEquiv>
                </Word>
                <Word id="r_10_tl_33_w7" custom="readingOrder {index:6;}">
                    <Coords points="1160,1868 1160,1928 1196,1928 1196,1868"/>
                    <TextEquiv>
                        <Unicode>sie</Unicode>
                    </TextEquiv>
                </Word>
                <Word id="r_10_tl_33_w8" custom="readingOrder {index:7;}">
                    <Coords points="1216,1867 1216,1927 1283,1927 1283,1867"/>
                    <TextEquiv>
                        <Unicode>eine</Unicode>
                    </TextEquiv>
                </Word>
                <TextEquiv>
                    <Unicode>Lehrer. Ihre äusserliche Einrichtung ist, daß sie eine</Unicode>
                </TextEquiv>
            </TextLine>
            <TextLine id="r_10_tl_34" custom="readingOrder {index:33;}">
                <Coords points="297,1990 1292,1970 1294,1918 1238,1916 299,1943"/>
                <Baseline points="310,1976 313,1973 358,1970 403,1970 447,1967 492,1967 537,1964 582,1967 626,1967 671,1964 716,1964 761,1964 806,1964 850,1964 895,1964 940,1964 985,1964 1030,1961 1074,1961 1119,1958 1164,1961 1209,1958 1253,1958 1298,1958"/>
                <Word id="r_10_tl_34_w1" custom="readingOrder {index:0;}">
                    <Coords points="303,1930 303,1990 441,1990 441,1930"/>
                    <TextEquiv>
                        <Unicode>gemeine</Unicode>
                    </TextEquiv>
                </Word>
                <Word id="r_10_tl_34_w2" custom="readingOrder {index:1;}">
                    <Coords points="464,1925 464,1985 553,1985 553,1925"/>
                    <TextEquiv>
                        <Unicode>Casse</Unicode>
                    </TextEquiv>
                </Word>
                <Word id="r_10_tl_34_w3" custom="readingOrder {index:2;}">
                    <Coords points="575,1927 575,1987 664,1987 664,1927"/>
                    <TextEquiv>
                        <Unicode>unter</Unicode>
                    </TextEquiv>
                </Word>
                <Word id="r_10_tl_34_w4" custom="readingOrder {index:3;}">
                    <Coords points="692,1924 692,1984 742,1984 742,1924"/>
                    <TextEquiv>
                        <Unicode>sich</Unicode>
                    </TextEquiv>
                </Word>
                <Word id="r_10_tl_34_w5" custom="readingOrder {index:4;}">
                    <Coords points="776,1924 776,1984 903,1984 903,1924"/>
                    <TextEquiv>
                        <Unicode>haben,</Unicode>
                    </TextEquiv>
                </Word>
                <Word id="r_10_tl_34_w6" custom="readingOrder {index:5;}">
                    <Coords points="937,1924 937,1984 997,1984 997,1924"/>
                    <TextEquiv>
                        <Unicode>und</Unicode>
                    </TextEquiv>
                </Word>
                <Word id="r_10_tl_34_w7" custom="readingOrder {index:6;}">
                    <Coords points="1026,1921 1026,1981 1092,1981 1092,1921"/>
                    <TextEquiv>
                        <Unicode>was</Unicode>
                    </TextEquiv>
                </Word>
                <Word id="r_10_tl_34_w8" custom="readingOrder {index:7;}">
                    <Coords points="1126,1919 1126,1979 1169,1979 1169,1919"/>
                    <TextEquiv>
                        <Unicode>ein</Unicode>
                    </TextEquiv>
                </Word>
                <Word id="r_10_tl_34_w9" custom="readingOrder {index:8;}">
                    <Coords points="1203,1918 1203,1978 1286,1978 1286,1918"/>
                    <TextEquiv>
                        <Unicode>jeder</Unicode>
                    </TextEquiv>
                </Word>
                <TextEquiv>
                    <Unicode>gemeine Casse unter sich haben, und was ein jeder</Unicode>
                </TextEquiv>
            </TextLine>
            <TextLine id="r_10_tl_35" custom="readingOrder {index:34;}">
                <Coords points="290,2025 1292,2015 1292,1975 1017,1965 290,1997"/>
                <Baseline points="304,2018 313,2018 358,2018 403,2018 447,2018 492,2015 537,2015 582,2012 626,2015 671,2015 716,2015 761,2012 806,2012 850,2012 895,2012 940,2012 985,2012 1030,2009 1074,2009 1119,2009 1164,2006 1209,2006 1253,2006 1298,2006"/>
                <Word id="r_10_tl_35_w1" custom="readingOrder {index:0;}">
                    <Coords points="301,1978 301,2038 469,2038 469,1978"/>
                    <TextEquiv>
                        <Unicode>verdient,</Unicode>
                    </TextEquiv>
                </Word>
                <Word id="r_10_tl_35_w2" custom="readingOrder {index:1;}">
                    <Coords points="497,1975 497,2035 575,2035 575,1975"/>
                    <TextEquiv>
                        <Unicode>wird</Unicode>
                    </TextEquiv>
                </Word>
                <Word id="r_10_tl_35_w3" custom="readingOrder {index:2;}">
                    <Coords points="597,1973 597,2033 623,2033 623,1973"/>
                    <TextEquiv>
                        <Unicode>in</Unicode>
                    </TextEquiv>
                </Word>
                <Word id="r_10_tl_35_w4" custom="readingOrder {index:3;}">
                    <Coords points="655,1974 655,2034 782,2034 782,1974"/>
                    <TextEquiv>
                        <Unicode>dieselbe</Unicode>
                    </TextEquiv>
                </Word>
                <Word id="r_10_tl_35_w5" custom="readingOrder {index:4;}">
                    <Coords points="809,1972 809,2032 861,2032 861,1972"/>
                    <TextEquiv>
                        <Unicode>zum</Unicode>
                    </TextEquiv>
                </Word>
                <Word id="r_10_tl_35_w6" custom="readingOrder {index:5;}">
                    <Coords points="904,1971 904,2031 1073,2031 1073,1971"/>
                    <TextEquiv>
                        <Unicode>Unterhalt</Unicode>
                    </TextEquiv>
                </Word>
                <Word id="r_10_tl_35_w7" custom="readingOrder {index:6;}">
                    <Coords points="1100,1968 1100,2028 1147,2028 1147,1968"/>
                    <TextEquiv>
                        <Unicode>der</Unicode>
                    </TextEquiv>
                </Word>
                <Word id="r_10_tl_35_w8" custom="readingOrder {index:7;}">
                    <Coords points="1164,1966 1164,2026 1280,2026 1280,1966"/>
                    <TextEquiv>
                        <Unicode>ganzen</Unicode>
                    </TextEquiv>
                </Word>
                <TextEquiv>
                    <Unicode>verdient, wird in dieselbe zum Unterhalt der ganzen</Unicode>
                </TextEquiv>
            </TextLine>
            <TextLine id="r_10_tl_36" custom="readingOrder {index:35;}">
                <Coords points="297,2072 1287,2074 1265,2010 297,2027"/>
                <Baseline points="310,2065 343,2065 388,2065 432,2065 477,2063 522,2063 567,2063 612,2063 656,2063 701,2065 749,2065 749,2065 755,2065 800,2060 844,2060 889,2057 934,2060 979,2060 1024,2060 1068,2057 1113,2057 1158,2054 1203,2054 1247,2054 1292,2054"/>
                <Word id="r_10_tl_36_w1" custom="readingOrder {index:0;}">
                    <Coords points="303,2025 303,2085 540,2085 540,2025"/>
                    <TextEquiv>
                        <Unicode>Brüderschaft</Unicode>
                    </TextEquiv>
                </Word>
                <Word id="r_10_tl_36_w2" custom="readingOrder {index:1;}">
                    <Coords points="557,2023 557,2083 675,2083 675,2023"/>
                    <TextEquiv>
                        <Unicode>gelegt.</Unicode>
                    </TextEquiv>
                </Word>
                <Word id="r_10_tl_36_w3" custom="readingOrder {index:2;}">
                    <Coords points="732,2022 732,2082 822,2082 822,2022"/>
                    <TextEquiv>
                        <Unicode>Ihre</Unicode>
                    </TextEquiv>
                </Word>
                <Word id="r_10_tl_36_w4" custom="readingOrder {index:3;}">
                    <Coords points="845,2020 845,2080 1064,2080 1064,2020"/>
                    <TextEquiv>
                        <Unicode>Weibsbilder</Unicode>
                    </TextEquiv>
                </Word>
                <Word id="r_10_tl_36_w5" custom="readingOrder {index:4;}">
                    <Coords points="1082,2016 1082,2076 1160,2076 1160,2016"/>
                    <TextEquiv>
                        <Unicode>leben</Unicode>
                    </TextEquiv>
                </Word>
                <Word id="r_10_tl_36_w6" custom="readingOrder {index:5;}">
                    <Coords points="1189,2014 1189,2074 1279,2074 1279,2014"/>
                    <TextEquiv>
                        <Unicode>allein</Unicode>
                    </TextEquiv>
                </Word>
                <TextEquiv>
                    <Unicode>Brüderschaft gelegt. Ihre Weibsbilder leben allein</Unicode>
                </TextEquiv>
            </TextLine>
            <TextLine id="r_10_tl_37" custom="readingOrder {index:36;}">
                <Coords points="297,2124 1289,2109 1289,2067 1186,2059 299,2072"/>
                <Baseline points="313,2116 355,2116 400,2116 444,2116 489,2113 534,2110 579,2110 623,2110 668,2110 713,2110 758,2107 803,2107 847,2107 892,2107 937,2107 982,2107 1027,2107 1071,2107 1116,2104 1161,2101 1206,2101 1250,2101 1295,2098"/>
                <Word id="r_10_tl_37_w1" custom="readingOrder {index:0;}">
                    <Coords points="303,2076 303,2136 325,2136 325,2076"/>
                    <TextEquiv>
                        <Unicode>in</Unicode>
                    </TextEquiv>
                </Word>
                <Word id="r_10_tl_37_w2" custom="readingOrder {index:1;}">
                    <Coords points="359,2076 359,2136 402,2136 402,2076"/>
                    <TextEquiv>
                        <Unicode>den</Unicode>
                    </TextEquiv>
                </Word>
                <Word id="r_10_tl_37_w3" custom="readingOrder {index:2;}">
                    <Coords points="436,2071 436,2131 597,2131 597,2071"/>
                    <TextEquiv>
                        <Unicode>Klöstern,</Unicode>
                    </TextEquiv>
                </Word>
                <Word id="r_10_tl_37_w4" custom="readingOrder {index:3;}">
                    <Coords points="619,2070 619,2130 675,2130 675,2070"/>
                    <TextEquiv>
                        <Unicode>und</Unicode>
                    </TextEquiv>
                </Word>
                <Word id="r_10_tl_37_w5" custom="readingOrder {index:4;}">
                    <Coords points="703,2068 703,2128 764,2128 764,2068"/>
                    <TextEquiv>
                        <Unicode>jede</Unicode>
                    </TextEquiv>
                </Word>
                <Word id="r_10_tl_37_w6" custom="readingOrder {index:5;}">
                    <Coords points="787,2067 787,2127 841,2127 841,2067"/>
                    <TextEquiv>
                        <Unicode>hat</Unicode>
                    </TextEquiv>
                </Word>
                <Word id="r_10_tl_37_w7" custom="readingOrder {index:6;}">
                    <Coords points="859,2067 859,2127 925,2127 925,2067"/>
                    <TextEquiv>
                        <Unicode>ihre</Unicode>
                    </TextEquiv>
                </Word>
                <Word id="r_10_tl_37_w8" custom="readingOrder {index:7;}">
                    <Coords points="948,2067 948,2127 1114,2127 1114,2067"/>
                    <TextEquiv>
                        <Unicode>besondere</Unicode>
                    </TextEquiv>
                </Word>
                <Word id="r_10_tl_37_w9" custom="readingOrder {index:8;}">
                    <Coords points="1131,2061 1131,2121 1225,2121 1225,2061"/>
                    <TextEquiv>
                        <Unicode>Zelle,</Unicode>
                    </TextEquiv>
                </Word>
                <Word id="r_10_tl_37_w10" custom="readingOrder {index:9;}">
                    <Coords points="1237,2060 1237,2120 1269,2120 1269,2060"/>
                    <TextEquiv>
                        <Unicode>um</Unicode>
                    </TextEquiv>
                </Word>
                <TextEquiv>
                    <Unicode>in den Klöstern, und jede hat ihre besondere Zelle, um</Unicode>
                </TextEquiv>
            </TextLine>
            <TextLine id="r_10_tl_38" custom="readingOrder {index:37;}">
                <Coords points="290,2166 1282,2158 1282,2111 290,2119"/>
                <Baseline points="304,2161 349,2161 394,2164 438,2161 483,2161 528,2158 573,2158 618,2158 662,2155 707,2158 752,2155 797,2155 841,2155 886,2155 931,2155 976,2152 1021,2155 1065,2152 1110,2152 1155,2149 1200,2149 1244,2149 1289,2149"/>
                <Word id="r_10_tl_38_w1" custom="readingOrder {index:0;}">
                    <Coords points="306,2121 306,2181 331,2181 331,2121"/>
                    <TextEquiv>
                        <Unicode>in</Unicode>
                    </TextEquiv>
                </Word>
                <Word id="r_10_tl_38_w2" custom="readingOrder {index:1;}">
                    <Coords points="358,2123 358,2183 410,2183 410,2123"/>
                    <TextEquiv>
                        <Unicode>der</Unicode>
                    </TextEquiv>
                </Word>
                <Word id="r_10_tl_38_w3" custom="readingOrder {index:2;}">
                    <Coords points="432,2119 432,2179 574,2179 574,2119"/>
                    <TextEquiv>
                        <Unicode>Andacht</Unicode>
                    </TextEquiv>
                </Word>
                <Word id="r_10_tl_38_w4" custom="readingOrder {index:3;}">
                    <Coords points="595,2116 595,2176 674,2176 674,2116"/>
                    <TextEquiv>
                        <Unicode>nicht</Unicode>
                    </TextEquiv>
                </Word>
                <Word id="r_10_tl_38_w5" custom="readingOrder {index:4;}">
                    <Coords points="695,2115 695,2175 832,2175 832,2115"/>
                    <TextEquiv>
                        <Unicode>gestöhrt</Unicode>
                    </TextEquiv>
                </Word>
                <Word id="r_10_tl_38_w6" custom="readingOrder {index:5;}">
                    <Coords points="849,2115 849,2175 874,2175 874,2115"/>
                    <TextEquiv>
                        <Unicode>zu</Unicode>
                    </TextEquiv>
                </Word>
                <Word id="r_10_tl_38_w7" custom="readingOrder {index:6;}">
                    <Coords points="907,2112 907,2172 1043,2172 1043,2112"/>
                    <TextEquiv>
                        <Unicode>werden.</Unicode>
                    </TextEquiv>
                </Word>
                <Word id="r_10_tl_38_w8" custom="readingOrder {index:7;}">
                    <Coords points="1075,2112 1075,2172 1143,2172 1143,2112"/>
                    <TextEquiv>
                        <Unicode>Sie</Unicode>
                    </TextEquiv>
                </Word>
                <Word id="r_10_tl_38_w9" custom="readingOrder {index:8;}">
                    <Coords points="1165,2109 1165,2169 1280,2169 1280,2109"/>
                    <TextEquiv>
                        <Unicode>werder</Unicode>
                    </TextEquiv>
                </Word>
                <TextEquiv>
                    <Unicode>in der Andacht nicht gestöhrt zu werden. Sie werder</Unicode>
                </TextEquiv>
            </TextLine>
            <TextLine id="r_10_tl_39" custom="readingOrder {index:38;}">
                <Coords points="299,2225 1289,2213 1292,2163 299,2171"/>
                <Baseline points="313,2212 355,2209 400,2209 444,2206 489,2206 534,2206 579,2206 623,2203 668,2200 713,2203 758,2200 803,2203 847,2203 892,2200 937,2200 982,2203 1027,2200 1071,2200 1116,2200 1161,2200 1206,2200 1250,2197 1295,2197"/>
                <Word id="r_10_tl_39_w1" custom="readingOrder {index:0;}">
                    <Coords points="304,2170 304,2230 362,2230 362,2170"/>
                    <TextEquiv>
                        <Unicode>von</Unicode>
                    </TextEquiv>
                </Word>
                <Word id="r_10_tl_39_w2" custom="readingOrder {index:1;}">
                    <Coords points="389,2168 389,2228 436,2228 436,2168"/>
                    <TextEquiv>
                        <Unicode>den</Unicode>
                    </TextEquiv>
                </Word>
                <Word id="r_10_tl_39_w3" custom="readingOrder {index:2;}">
                    <Coords points="468,2164 468,2224 728,2224 728,2164"/>
                    <TextEquiv>
                        <Unicode>Mannsbildern</Unicode>
                    </TextEquiv>
                </Word>
                <Word id="r_10_tl_39_w4" custom="readingOrder {index:3;}">
                    <Coords points="755,2163 755,2223 892,2223 892,2163"/>
                    <TextEquiv>
                        <Unicode>niemals</Unicode>
                    </TextEquiv>
                </Word>
                <Word id="r_10_tl_39_w5" custom="readingOrder {index:4;}">
                    <Coords points="914,2162 914,2222 1067,2222 1067,2162"/>
                    <TextEquiv>
                        <Unicode>gesehen,</Unicode>
                    </TextEquiv>
                </Word>
                <Word id="r_10_tl_39_w6" custom="readingOrder {index:5;}">
                    <Coords points="1094,2160 1094,2220 1295,2220 1295,2160"/>
                    <TextEquiv>
                        <Unicode>ausgenom¬</Unicode>
                    </TextEquiv>
                </Word>
                <TextEquiv>
                    <Unicode>von den Mannsbildern niemals gesehen, ausgenom¬</Unicode>
                </TextEquiv>
            </TextLine>
            <TextLine id="r_10_tl_40" custom="readingOrder {index:39;}">
                <Coords points="297,2262 1289,2255 1262,2205 297,2223"/>
                <Baseline points="310,2257 355,2257 400,2254 444,2251 489,2251 534,2251 579,2251 623,2251 668,2248 713,2248 758,2248 803,2248 847,2248 892,2248 937,2248 982,2251 1027,2251 1071,2248 1116,2248 1161,2248 1206,2245 1250,2245 1295,2242"/>
                <Word id="r_10_tl_40_w1" custom="readingOrder {index:0;}">
                    <Coords points="303,2217 303,2277 389,2277 389,2217"/>
                    <TextEquiv>
                        <Unicode>men,</Unicode>
                    </TextEquiv>
                </Word>
                <Word id="r_10_tl_40_w2" custom="readingOrder {index:1;}">
                    <Coords points="406,2211 406,2271 492,2271 492,2211"/>
                    <TextEquiv>
                        <Unicode>wenn</Unicode>
                    </TextEquiv>
                </Word>
                <Word id="r_10_tl_40_w3" custom="readingOrder {index:2;}">
                    <Coords points="520,2211 520,2271 557,2271 557,2211"/>
                    <TextEquiv>
                        <Unicode>sie</Unicode>
                    </TextEquiv>
                </Word>
                <Word id="r_10_tl_40_w4" custom="readingOrder {index:3;}">
                    <Coords points="574,2211 574,2271 661,2271 661,2211"/>
                    <TextEquiv>
                        <Unicode>ihren</Unicode>
                    </TextEquiv>
                </Word>
                <Word id="r_10_tl_40_w5" custom="readingOrder {index:4;}">
                    <Coords points="700,2208 700,2268 889,2268 889,2208"/>
                    <TextEquiv>
                        <Unicode>öffentlichen</Unicode>
                    </TextEquiv>
                </Word>
                <Word id="r_10_tl_40_w6" custom="readingOrder {index:5;}">
                    <Coords points="917,2210 917,2270 1145,2270 1145,2210"/>
                    <TextEquiv>
                        <Unicode>Gottesdienst</Unicode>
                    </TextEquiv>
                </Word>
                <Word id="r_10_tl_40_w7" custom="readingOrder {index:6;}">
                    <Coords points="1173,2205 1173,2265 1292,2265 1292,2205"/>
                    <TextEquiv>
                        <Unicode>haben.</Unicode>
                    </TextEquiv>
                </Word>
                <TextEquiv>
                    <Unicode>men, wenn sie ihren öffentlichen Gottesdienst haben.</Unicode>
                </TextEquiv>
            </TextLine>
            <TextLine id="r_10_tl_41" custom="readingOrder {index:40;}">
                <Coords points="299,2322 1292,2302 1292,2255 1156,2247 299,2265"/>
                <Baseline points="313,2298 358,2295 403,2298 447,2295 492,2295 537,2295 582,2295 626,2292 671,2292 716,2292 761,2292 806,2292 850,2295 895,2295 940,2295 985,2295 1030,2295 1074,2292 1119,2295 1164,2292 1209,2292 1253,2292 1298,2292"/>
                <Word id="r_10_tl_41_w1" custom="readingOrder {index:0;}">
                    <Coords points="305,2256 305,2316 375,2316 375,2256"/>
                    <TextEquiv>
                        <Unicode>Die</Unicode>
                    </TextEquiv>
                </Word>
                <Word id="r_10_tl_41_w2" custom="readingOrder {index:1;}">
                    <Coords points="397,2255 397,2315 527,2315 527,2255"/>
                    <TextEquiv>
                        <Unicode>Anzahl</Unicode>
                    </TextEquiv>
                </Word>
                <Word id="r_10_tl_41_w3" custom="readingOrder {index:2;}">
                    <Coords points="544,2255 544,2315 592,2315 592,2255"/>
                    <TextEquiv>
                        <Unicode>der</Unicode>
                    </TextEquiv>
                </Word>
                <Word id="r_10_tl_41_w4" custom="readingOrder {index:3;}">
                    <Coords points="615,2252 615,2312 729,2312 729,2252"/>
                    <TextEquiv>
                        <Unicode>ganzen</Unicode>
                    </TextEquiv>
                </Word>
                <Word id="r_10_tl_41_w5" custom="readingOrder {index:4;}">
                    <Coords points="757,2253 757,2313 903,2313 903,2253"/>
                    <TextEquiv>
                        <Unicode>Brüder=</Unicode>
                    </TextEquiv>
                </Word>
                <Word id="r_10_tl_41_w6" custom="readingOrder {index:5;}">
                    <Coords points="920,2255 920,2315 979,2315 979,2255"/>
                    <TextEquiv>
                        <Unicode>und</Unicode>
                    </TextEquiv>
                </Word>
                <Word id="r_10_tl_41_w7" custom="readingOrder {index:6;}">
                    <Coords points="1007,2253 1007,2313 1289,2313 1289,2253"/>
                    <TextEquiv>
                        <Unicode>Schwesterschaft</Unicode>
                    </TextEquiv>
                </Word>
                <TextEquiv>
                    <Unicode>Die Anzahl der ganzen Brüder= und Schwesterschaft</Unicode>
                </TextEquiv>
            </TextLine>
            <TextLine id="r_10_tl_42" custom="readingOrder {index:41;}">
                <Coords points="297,2359 1287,2359 1287,2304 1250,2302 297,2322"/>
                <Baseline points="310,2346 352,2346 397,2346 441,2343 486,2340 531,2340 576,2337 620,2340 665,2337 710,2337 755,2340 800,2340 844,2340 889,2343 934,2343 979,2343 1024,2343 1068,2343 1113,2343 1158,2340 1203,2340 1247,2340 1292,2340"/>
                <Word id="r_10_tl_42_w1" custom="readingOrder {index:0;}">
                    <Coords points="303,2306 303,2366 458,2366 458,2306"/>
                    <TextEquiv>
                        <Unicode>erstrecket</Unicode>
                    </TextEquiv>
                </Word>
                <Word id="r_10_tl_42_w2" custom="readingOrder {index:1;}">
                    <Coords points="481,2300 481,2360 531,2360 531,2300"/>
                    <TextEquiv>
                        <Unicode>sich</Unicode>
                    </TextEquiv>
                </Word>
                <Word id="r_10_tl_42_w3" custom="readingOrder {index:2;}">
                    <Coords points="571,2299 571,2359 654,2359 654,2299"/>
                    <TextEquiv>
                        <Unicode>nicht</Unicode>
                    </TextEquiv>
                </Word>
                <Word id="r_10_tl_42_w4" custom="readingOrder {index:3;}">
                    <Coords points="682,2297 682,2357 760,2357 760,2297"/>
                    <TextEquiv>
                        <Unicode>über</Unicode>
                    </TextEquiv>
                </Word>
                <Word id="r_10_tl_42_w5" custom="readingOrder {index:4;}">
                    <Coords points="788,2300 788,2360 871,2360 871,2300"/>
                    <TextEquiv>
                        <Unicode>300.</Unicode>
                    </TextEquiv>
                </Word>
                <Word id="r_10_tl_42_w6" custom="readingOrder {index:5;}">
                    <Coords points="939,2303 939,2363 1011,2363 1011,2303"/>
                    <TextEquiv>
                        <Unicode>Sie</Unicode>
                    </TextEquiv>
                </Word>
                <Word id="r_10_tl_42_w7" custom="readingOrder {index:6;}">
                    <Coords points="1045,2302 1045,2362 1201,2362 1201,2302"/>
                    <TextEquiv>
                        <Unicode>enthalten</Unicode>
                    </TextEquiv>
                </Word>
                <Word id="r_10_tl_42_w8" custom="readingOrder {index:7;}">
                    <Coords points="1235,2300 1235,2360 1284,2360 1284,2300"/>
                    <TextEquiv>
                        <Unicode>sich</Unicode>
                    </TextEquiv>
                </Word>
                <TextEquiv>
                    <Unicode>erstrecket sich nicht über 300. Sie enthalten sich</Unicode>
                </TextEquiv>
            </TextLine>
            <TextLine id="r_10_tl_43" custom="readingOrder {index:42;}">
                <Coords points="302,2406 1292,2396 1292,2359 1190,2349 302,2361"/>
                <Baseline points="316,2394 358,2394 403,2391 447,2391 492,2388 537,2388 582,2385 626,2382 671,2385 716,2385 761,2388 806,2388 850,2391 895,2391 940,2394 985,2391 1030,2391 1074,2391 1119,2391 1164,2388 1209,2388 1253,2388 1298,2388"/>
                <Word id="r_10_tl_43_w1" custom="readingOrder {index:0;}">
                    <Coords points="308,2354 308,2414 383,2414 383,2354"/>
                    <TextEquiv>
                        <Unicode>alles</Unicode>
                    </TextEquiv>
                </Word>
                <Word id="r_10_tl_43_w2" custom="readingOrder {index:1;}">
                    <Coords points="405,2348 405,2408 616,2408 616,2348"/>
                    <TextEquiv>
                        <Unicode>Fleischessens</Unicode>
                    </TextEquiv>
                </Word>
                <Word id="r_10_tl_43_w3" custom="readingOrder {index:2;}">
                    <Coords points="644,2345 644,2405 703,2405 703,2345"/>
                    <TextEquiv>
                        <Unicode>und</Unicode>
                    </TextEquiv>
                </Word>
                <Word id="r_10_tl_43_w4" custom="readingOrder {index:3;}">
                    <Coords points="726,2348 726,2408 806,2408 806,2348"/>
                    <TextEquiv>
                        <Unicode>leben</Unicode>
                    </TextEquiv>
                </Word>
                <Word id="r_10_tl_43_w5" custom="readingOrder {index:4;}">
                    <Coords points="834,2351 834,2411 888,2411 888,2351"/>
                    <TextEquiv>
                        <Unicode>von</Unicode>
                    </TextEquiv>
                </Word>
                <Word id="r_10_tl_43_w6" custom="readingOrder {index:5;}">
                    <Coords points="910,2351 910,2411 1067,2411 1067,2351"/>
                    <TextEquiv>
                        <Unicode>Kräutern</Unicode>
                    </TextEquiv>
                </Word>
                <Word id="r_10_tl_43_w7" custom="readingOrder {index:6;}">
                    <Coords points="1089,2351 1089,2411 1148,2411 1148,2351"/>
                    <TextEquiv>
                        <Unicode>und</Unicode>
                    </TextEquiv>
                </Word>
                <Word id="r_10_tl_43_w8" custom="readingOrder {index:7;}">
                    <Coords points="1166,2348 1166,2408 1262,2408 1262,2348"/>
                    <TextEquiv>
                        <Unicode>Baum</Unicode>
                    </TextEquiv>
                </Word>
                <TextEquiv>
                    <Unicode>alles Fleischessens und leben von Kräutern und Baum</Unicode>
                </TextEquiv>
            </TextLine>
            <TextLine id="r_10_tl_44" custom="readingOrder {index:43;}">
                <Coords points="302,2465 1289,2448 1289,2396 302,2403"/>
                <Baseline points="316,2448 352,2448 397,2442 441,2439 486,2436 531,2436 576,2433 620,2433 665,2433 710,2433 755,2433 800,2436 844,2436 889,2439 934,2439 979,2442 1024,2442 1068,2439 1113,2439 1158,2436 1203,2436 1247,2436 1292,2436"/>
                <Word id="r_10_tl_44_w1" custom="readingOrder {index:0;}">
                    <Coords points="309,2403 309,2463 470,2463 470,2403"/>
                    <TextEquiv>
                        <Unicode>früchten.</Unicode>
                    </TextEquiv>
                </Word>
                <Word id="r_10_tl_44_w2" custom="readingOrder {index:1;}">
                    <Coords points="517,2394 517,2454 592,2454 592,2394"/>
                    <TextEquiv>
                        <Unicode>Sie</Unicode>
                    </TextEquiv>
                </Word>
                <Word id="r_10_tl_44_w3" custom="readingOrder {index:2;}">
                    <Coords points="610,2393 610,2453 707,2453 707,2393"/>
                    <TextEquiv>
                        <Unicode>haben</Unicode>
                    </TextEquiv>
                </Word>
                <Word id="r_10_tl_44_w4" custom="readingOrder {index:3;}">
                    <Coords points="737,2394 737,2454 817,2454 817,2394"/>
                    <TextEquiv>
                        <Unicode>keine</Unicode>
                    </TextEquiv>
                </Word>
                <Word id="r_10_tl_44_w5" custom="readingOrder {index:4;}">
                    <Coords points="836,2399 836,2459 968,2459 968,2399"/>
                    <TextEquiv>
                        <Unicode>Betten,</Unicode>
                    </TextEquiv>
                </Word>
                <Word id="r_10_tl_44_w6" custom="readingOrder {index:5;}">
                    <Coords points="986,2400 986,2460 1113,2460 1113,2400"/>
                    <TextEquiv>
                        <Unicode>sondern</Unicode>
                    </TextEquiv>
                </Word>
                <Word id="r_10_tl_44_w7" custom="readingOrder {index:6;}">
                    <Coords points="1136,2396 1136,2456 1217,2456 1217,2396"/>
                    <TextEquiv>
                        <Unicode>legen</Unicode>
                    </TextEquiv>
                </Word>
                <Word id="r_10_tl_44_w8" custom="readingOrder {index:7;}">
                    <Coords points="1241,2396 1241,2456 1286,2456 1286,2396"/>
                    <TextEquiv>
                        <Unicode>sich</Unicode>
                    </TextEquiv>
                </Word>
                <TextEquiv>
                    <Unicode>früchten. Sie haben keine Betten, sondern legen sich</Unicode>
                </TextEquiv>
            </TextLine>
            <TextLine id="r_10_tl_45" custom="readingOrder {index:44;}">
                <Coords points="302,2502 1297,2490 1272,2443 304,2463"/>
                <Baseline points="316,2492 319,2492 364,2492 409,2489 453,2489 498,2486 543,2483 588,2480 632,2480 677,2480 722,2477 767,2480 812,2483 856,2483 901,2486 946,2486 991,2486 1035,2486 1080,2486 1125,2486 1170,2486 1215,2483 1259,2483 1304,2483"/>
                <Word id="r_10_tl_45_w1" custom="readingOrder {index:0;}">
                    <Coords points="308,2452 308,2512 368,2512 368,2452"/>
                    <TextEquiv>
                        <Unicode>wie</Unicode>
                    </TextEquiv>
                </Word>
                <Word id="r_10_tl_45_w2" custom="readingOrder {index:1;}">
                    <Coords points="391,2449 391,2509 435,2509 435,2449"/>
                    <TextEquiv>
                        <Unicode>die</Unicode>
                    </TextEquiv>
                </Word>
                <Word id="r_10_tl_45_w3" custom="readingOrder {index:2;}">
                    <Coords points="458,2442 458,2502 641,2502 641,2442"/>
                    <TextEquiv>
                        <Unicode>Capuciner</Unicode>
                    </TextEquiv>
                </Word>
                <Word id="r_10_tl_45_w4" custom="readingOrder {index:3;}">
                    <Coords points="669,2438 669,2498 724,2498 724,2438"/>
                    <TextEquiv>
                        <Unicode>auf</Unicode>
                    </TextEquiv>
                </Word>
                <Word id="r_10_tl_45_w5" custom="readingOrder {index:4;}">
                    <Coords points="753,2441 753,2501 818,2501 818,2441"/>
                    <TextEquiv>
                        <Unicode>eine</Unicode>
                    </TextEquiv>
                </Word>
                <Word id="r_10_tl_45_w6" custom="readingOrder {index:5;}">
                    <Coords points="847,2446 847,2506 991,2506 991,2446"/>
                    <TextEquiv>
                        <Unicode>hölzerne</Unicode>
                    </TextEquiv>
                </Word>
                <Word id="r_10_tl_45_w7" custom="readingOrder {index:6;}">
                    <Coords points="1014,2446 1014,2506 1135,2506 1135,2446"/>
                    <TextEquiv>
                        <Unicode>Bank,</Unicode>
                    </TextEquiv>
                </Word>
                <Word id="r_10_tl_45_w8" custom="readingOrder {index:7;}">
                    <Coords points="1164,2444 1164,2504 1218,2504 1218,2444"/>
                    <TextEquiv>
                        <Unicode>und</Unicode>
                    </TextEquiv>
                </Word>
                <Word id="r_10_tl_45_w9" custom="readingOrder {index:8;}">
                    <Coords points="1247,2443 1247,2503 1285,2503 1285,2443"/>
                    <TextEquiv>
                        <Unicode>ein</Unicode>
                    </TextEquiv>
                </Word>
                <TextEquiv>
                    <Unicode>wie die Capuciner auf eine hölzerne Bank, und ein</Unicode>
                </TextEquiv>
            </TextLine>
            <TextLine id="r_10_tl_46" custom="readingOrder {index:45;}">
                <Coords points="302,2544 1292,2542 1294,2492 1240,2487 304,2505"/>
                <Baseline points="316,2540 358,2540 403,2540 447,2537 492,2537 537,2534 582,2531 626,2528 671,2528 716,2525 761,2525 806,2525 850,2528 895,2531 940,2534 985,2534 1030,2534 1074,2531 1119,2534 1164,2531 1209,2528 1253,2528 1298,2531"/>
                <Word id="r_10_tl_46_w1" custom="readingOrder {index:0;}">
                    <Coords points="308,2500 308,2560 407,2560 407,2500"/>
                    <TextEquiv>
                        <Unicode>Block</Unicode>
                    </TextEquiv>
                </Word>
                <Word id="r_10_tl_46_w2" custom="readingOrder {index:1;}">
                    <Coords points="430,2497 430,2557 535,2557 535,2497"/>
                    <TextEquiv>
                        <Unicode>dienet</Unicode>
                    </TextEquiv>
                </Word>
                <Word id="r_10_tl_46_w3" custom="readingOrder {index:2;}">
                    <Coords points="553,2489 553,2549 641,2549 641,2489"/>
                    <TextEquiv>
                        <Unicode>ihnen</Unicode>
                    </TextEquiv>
                </Word>
                <Word id="r_10_tl_46_w4" custom="readingOrder {index:3;}">
                    <Coords points="675,2485 675,2545 791,2545 791,2485"/>
                    <TextEquiv>
                        <Unicode>anstatt</Unicode>
                    </TextEquiv>
                </Word>
                <Word id="r_10_tl_46_w5" custom="readingOrder {index:4;}">
                    <Coords points="808,2487 808,2547 891,2547 891,2487"/>
                    <TextEquiv>
                        <Unicode>eines</Unicode>
                    </TextEquiv>
                </Word>
                <Word id="r_10_tl_46_w6" custom="readingOrder {index:5;}">
                    <Coords points="914,2493 914,2553 1175,2553 1175,2493"/>
                    <TextEquiv>
                        <Unicode>Hauptküssens.</Unicode>
                    </TextEquiv>
                </Word>
                <Word id="r_10_tl_46_w7" custom="readingOrder {index:6;}">
                    <Coords points="1220,2488 1220,2548 1291,2548 1291,2488"/>
                    <TextEquiv>
                        <Unicode>Sie</Unicode>
                    </TextEquiv>
                </Word>
                <TextEquiv>
                    <Unicode>Block dienet ihnen anstatt eines Hauptküssens. Sie</Unicode>
                </TextEquiv>
            </TextLine>
            <TextLine id="r_10_tl_47" custom="readingOrder {index:46;}">
                <Coords points="297,2604 1292,2594 1292,2537 1208,2529 438,2567 297,2539"/>
                <Baseline points="310,2594 313,2594 358,2591 403,2588 447,2588 492,2585 537,2585 582,2585 626,2579 671,2576 716,2573 761,2573 806,2573 850,2576 895,2579 940,2582 985,2582 1030,2582 1074,2582 1119,2582 1164,2582 1209,2579 1253,2579 1298,2579"/>
                <Word id="r_10_tl_47_w1" custom="readingOrder {index:0;}">
                    <Coords points="304,2551 304,2611 402,2611 402,2551"/>
                    <TextEquiv>
                        <Unicode>haben</Unicode>
                    </TextEquiv>
                </Word>
                <Word id="r_10_tl_47_w2" custom="readingOrder {index:1;}">
                    <Coords points="432,2547 432,2607 490,2607 490,2547"/>
                    <TextEquiv>
                        <Unicode>alle</Unicode>
                    </TextEquiv>
                </Word>
                <Word id="r_10_tl_47_w3" custom="readingOrder {index:2;}">
                    <Coords points="508,2545 508,2605 595,2605 595,2545"/>
                    <TextEquiv>
                        <Unicode>Tage</Unicode>
                    </TextEquiv>
                </Word>
                <Word id="r_10_tl_47_w4" custom="readingOrder {index:3;}">
                    <Coords points="619,2534 619,2594 775,2594 775,2534"/>
                    <TextEquiv>
                        <Unicode>zweymal</Unicode>
                    </TextEquiv>
                </Word>
                <Word id="r_10_tl_47_w5" custom="readingOrder {index:4;}">
                    <Coords points="788,2539 788,2599 1026,2599 1026,2539"/>
                    <TextEquiv>
                        <Unicode>Gottesdienst,</Unicode>
                    </TextEquiv>
                </Word>
                <Word id="r_10_tl_47_w6" custom="readingOrder {index:5;}">
                    <Coords points="1044,2542 1044,2602 1102,2602 1102,2542"/>
                    <TextEquiv>
                        <Unicode>und</Unicode>
                    </TextEquiv>
                </Word>
                <Word id="r_10_tl_47_w7" custom="readingOrder {index:6;}">
                    <Coords points="1121,2542 1121,2602 1178,2602 1178,2542"/>
                    <TextEquiv>
                        <Unicode>alle</Unicode>
                    </TextEquiv>
                </Word>
                <Word id="r_10_tl_47_w8" custom="readingOrder {index:7;}">
                    <Coords points="1190,2539 1190,2599 1294,2599 1294,2539"/>
                    <TextEquiv>
                        <Unicode>Nacht</Unicode>
                    </TextEquiv>
                </Word>
                <TextEquiv>
                    <Unicode>haben alle Tage zweymal Gottesdienst, und alle Nacht</Unicode>
                </TextEquiv>
            </TextLine>
            <TextLine id="r_10_tl_48" custom="readingOrder {index:47;}">
                <Coords points="299,2661 1292,2641 1292,2596 1213,2584 299,2604"/>
                <Baseline points="313,2645 358,2639 403,2636 447,2636 492,2633 537,2633 582,2633 626,2630 671,2627 716,2624 761,2621 806,2621 850,2624 895,2624 940,2630 985,2630 1030,2630 1074,2630 1119,2630 1164,2630 1209,2630 1253,2627 1298,2627"/>
                <Word id="r_10_tl_48_w1" custom="readingOrder {index:0;}">
                    <Coords points="306,2596 306,2656 483,2656 483,2596"/>
                    <TextEquiv>
                        <Unicode>gleichfalls</Unicode>
                    </TextEquiv>
                </Word>
                <Word id="r_10_tl_48_w2" custom="readingOrder {index:1;}">
                    <Coords points="501,2593 501,2653 661,2653 661,2593"/>
                    <TextEquiv>
                        <Unicode>zweymal</Unicode>
                    </TextEquiv>
                </Word>
                <Word id="r_10_tl_48_w3" custom="readingOrder {index:2;}">
                    <Coords points="679,2581 679,2641 874,2641 874,2581"/>
                    <TextEquiv>
                        <Unicode>Andachten.</Unicode>
                    </TextEquiv>
                </Word>
                <Word id="r_10_tl_48_w4" custom="readingOrder {index:3;}">
                    <Coords points="922,2590 922,2650 1123,2650 1123,2590"/>
                    <TextEquiv>
                        <Unicode>Ungeachtet</Unicode>
                    </TextEquiv>
                </Word>
                <Word id="r_10_tl_48_w5" custom="readingOrder {index:4;}">
                    <Coords points="1147,2589 1147,2649 1294,2649 1294,2589"/>
                    <TextEquiv>
                        <Unicode>Männer</Unicode>
                    </TextEquiv>
                </Word>
                <TextEquiv>
                    <Unicode>gleichfalls zweymal Andachten. Ungeachtet Männer</Unicode>
                </TextEquiv>
            </TextLine>
            <TextLine id="r_10_tl_49" custom="readingOrder {index:48;}">
                <Coords points="304,2700 1292,2683 1292,2641 1242,2633 304,2658"/>
                <Baseline points="319,2686 358,2683 403,2681 447,2678 492,2678 537,2678 582,2678 626,2678 671,2678 716,2675 761,2672 806,2669 850,2669 895,2669 940,2672 985,2675 1030,2678 1074,2678 1119,2678 1164,2675 1209,2678 1253,2675 1298,2675"/>
                <Word id="r_10_tl_49_w1" custom="readingOrder {index:0;}">
                    <Coords points="310,2644 310,2704 372,2704 372,2644"/>
                    <TextEquiv>
                        <Unicode>und</Unicode>
                    </TextEquiv>
                </Word>
                <Word id="r_10_tl_49_w2" custom="readingOrder {index:1;}">
                    <Coords points="395,2638 395,2698 524,2698 524,2638"/>
                    <TextEquiv>
                        <Unicode>Weiber</Unicode>
                    </TextEquiv>
                </Word>
                <Word id="r_10_tl_49_w3" custom="readingOrder {index:2;}">
                    <Coords points="548,2638 548,2698 598,2698 598,2638"/>
                    <TextEquiv>
                        <Unicode>von</Unicode>
                    </TextEquiv>
                </Word>
                <Word id="r_10_tl_49_w4" custom="readingOrder {index:3;}">
                    <Coords points="627,2635 627,2695 779,2695 779,2635"/>
                    <TextEquiv>
                        <Unicode>einander</Unicode>
                    </TextEquiv>
                </Word>
                <Word id="r_10_tl_49_w5" custom="readingOrder {index:4;}">
                    <Coords points="803,2629 803,2689 1006,2689 1006,2629"/>
                    <TextEquiv>
                        <Unicode>abgesondert</Unicode>
                    </TextEquiv>
                </Word>
                <Word id="r_10_tl_49_w6" custom="readingOrder {index:5;}">
                    <Coords points="1030,2638 1030,2698 1142,2698 1142,2638"/>
                    <TextEquiv>
                        <Unicode>leben,</Unicode>
                    </TextEquiv>
                </Word>
                <Word id="r_10_tl_49_w7" custom="readingOrder {index:6;}">
                    <Coords points="1171,2636 1171,2696 1198,2696 1198,2636"/>
                    <TextEquiv>
                        <Unicode>so</Unicode>
                    </TextEquiv>
                </Word>
                <Word id="r_10_tl_49_w8" custom="readingOrder {index:7;}">
                    <Coords points="1233,2635 1233,2695 1289,2695 1289,2635"/>
                    <TextEquiv>
                        <Unicode>sind</Unicode>
                    </TextEquiv>
                </Word>
                <TextEquiv>
                    <Unicode>und Weiber von einander abgesondert leben, so sind</Unicode>
                </TextEquiv>
            </TextLine>
            <TextLine id="r_10_tl_50" custom="readingOrder {index:49;}">
                <Coords points="312,2752 799,2720 1260,2740 1302,2688 312,2695"/>
                <Baseline points="325,2737 364,2731 409,2731 453,2728 498,2728 543,2725 588,2725 632,2725 677,2725 722,2719 767,2716 812,2716 856,2713 901,2716 946,2719 991,2722 1035,2725 1080,2722 1125,2722 1170,2722 1215,2722 1259,2722 1304,2722"/>
                <Word id="r_10_tl_50_w1" custom="readingOrder {index:0;}">
                    <Coords points="313,2696 313,2756 347,2756 347,2696"/>
                    <TextEquiv>
                        <Unicode>sie</Unicode>
                    </TextEquiv>
                </Word>
                <Word id="r_10_tl_50_w2" custom="readingOrder {index:1;}">
                    <Coords points="377,2690 377,2750 446,2750 446,2690"/>
                    <TextEquiv>
                        <Unicode>doch</Unicode>
                    </TextEquiv>
                </Word>
                <Word id="r_10_tl_50_w3" custom="readingOrder {index:2;}">
                    <Coords points="475,2686 475,2746 561,2746 561,2686"/>
                    <TextEquiv>
                        <Unicode>keine</Unicode>
                    </TextEquiv>
                </Word>
                <Word id="r_10_tl_50_w4" custom="readingOrder {index:3;}">
                    <Coords points="585,2685 585,2745 707,2745 707,2685"/>
                    <TextEquiv>
                        <Unicode>Feinde</Unicode>
                    </TextEquiv>
                </Word>
                <Word id="r_10_tl_50_w5" custom="readingOrder {index:4;}">
                    <Coords points="731,2676 731,2736 782,2736 782,2676"/>
                    <TextEquiv>
                        <Unicode>des</Unicode>
                    </TextEquiv>
                </Word>
                <Word id="r_10_tl_50_w6" custom="readingOrder {index:5;}">
                    <Coords points="818,2677 818,2737 1032,2737 1032,2677"/>
                    <TextEquiv>
                        <Unicode>Ehestandes.</Unicode>
                    </TextEquiv>
                </Word>
                <Word id="r_10_tl_50_w7" custom="readingOrder {index:6;}">
                    <Coords points="1091,2682 1091,2742 1287,2742 1287,2682"/>
                    <TextEquiv>
                        <Unicode>Diejenigen</Unicode>
                    </TextEquiv>
                </Word>
                <TextEquiv>
                    <Unicode>sie doch keine Feinde des Ehestandes. Diejenigen</Unicode>
                </TextEquiv>
            </TextLine>
            <TextLine id="r_10_tl_51" custom="readingOrder {index:50;}">
                <Coords points="302,2797 1238,2787 1299,2782 1302,2730 302,2755"/>
                <Baseline points="316,2779 319,2782 364,2779 409,2776 453,2776 498,2776 543,2773 588,2776 632,2773 677,2773 722,2773 767,2767 812,2764 856,2764 901,2764 946,2767 991,2770 1035,2773 1080,2770 1125,2770 1170,2770 1215,2770 1259,2770 1304,2770"/>
                <Word id="r_10_tl_51_w1" custom="readingOrder {index:0;}">
                    <Coords points="308,2739 308,2799 402,2799 402,2739"/>
                    <TextEquiv>
                        <Unicode>aber,</Unicode>
                    </TextEquiv>
                </Word>
                <Word id="r_10_tl_51_w2" custom="readingOrder {index:1;}">
                    <Coords points="419,2736 419,2796 530,2796 530,2736"/>
                    <TextEquiv>
                        <Unicode>welche</Unicode>
                    </TextEquiv>
                </Word>
                <Word id="r_10_tl_51_w3" custom="readingOrder {index:2;}">
                    <Coords points="553,2735 553,2795 597,2795 597,2735"/>
                    <TextEquiv>
                        <Unicode>sich</Unicode>
                    </TextEquiv>
                </Word>
                <Word id="r_10_tl_51_w4" custom="readingOrder {index:3;}">
                    <Coords points="625,2730 625,2790 853,2790 853,2730"/>
                    <TextEquiv>
                        <Unicode>verheyrathen</Unicode>
                    </TextEquiv>
                </Word>
                <Word id="r_10_tl_51_w5" custom="readingOrder {index:4;}">
                    <Coords points="882,2727 882,2787 1010,2787 1010,2727"/>
                    <TextEquiv>
                        <Unicode>wollen,</Unicode>
                    </TextEquiv>
                </Word>
                <Word id="r_10_tl_51_w6" custom="readingOrder {index:5;}">
                    <Coords points="1022,2730 1022,2790 1132,2790 1132,2730"/>
                    <TextEquiv>
                        <Unicode>müssen</Unicode>
                    </TextEquiv>
                </Word>
                <Word id="r_10_tl_51_w7" custom="readingOrder {index:6;}">
                    <Coords points="1161,2730 1161,2790 1221,2790 1221,2730"/>
                    <TextEquiv>
                        <Unicode>aus</Unicode>
                    </TextEquiv>
                </Word>
                <Word id="r_10_tl_51_w8" custom="readingOrder {index:7;}">
                    <Coords points="1244,2730 1244,2790 1293,2790 1293,2730"/>
                    <TextEquiv>
                        <Unicode>der</Unicode>
                    </TextEquiv>
                </Word>
                <TextEquiv>
                    <Unicode>aber, welche sich verheyrathen wollen, müssen aus der</Unicode>
                </TextEquiv>
            </TextLine>
            <TextLine id="r_10_tl_52" custom="readingOrder {index:51;}">
                <Coords points="297,2839 1275,2836 1294,2779 297,2804"/>
                <Baseline points="310,2827 313,2827 358,2830 403,2827 447,2827 492,2824 537,2824 582,2824 626,2824 671,2821 716,2821 761,2818 806,2815 850,2812 895,2812 940,2812 985,2818 1030,2818 1074,2818 1119,2818 1164,2818 1209,2818 1253,2818 1298,2815"/>
                <Word id="r_10_tl_52_w1" custom="readingOrder {index:0;}">
                    <Coords points="302,2789 302,2849 419,2849 419,2789"/>
                    <TextEquiv>
                        <Unicode>Stadt</Unicode>
                    </TextEquiv>
                </Word>
                <Word id="r_10_tl_52_w2" custom="readingOrder {index:1;}">
                    <Coords points="435,2784 435,2844 589,2844 589,2784"/>
                    <TextEquiv>
                        <Unicode>weichen,</Unicode>
                    </TextEquiv>
                </Word>
                <Word id="r_10_tl_52_w3" custom="readingOrder {index:2;}">
                    <Coords points="606,2783 606,2843 663,2843 663,2783"/>
                    <TextEquiv>
                        <Unicode>und</Unicode>
                    </TextEquiv>
                </Word>
                <Word id="r_10_tl_52_w4" custom="readingOrder {index:3;}">
                    <Coords points="685,2777 685,2837 855,2837 855,2777"/>
                    <TextEquiv>
                        <Unicode>anderswo</Unicode>
                    </TextEquiv>
                </Word>
                <Word id="r_10_tl_52_w5" custom="readingOrder {index:4;}">
                    <Coords points="883,2772 883,2832 983,2832 983,2772"/>
                    <TextEquiv>
                        <Unicode>leben.</Unicode>
                    </TextEquiv>
                </Word>
                <Word id="r_10_tl_52_w6" custom="readingOrder {index:5;}">
                    <Coords points="1032,2778 1032,2838 1121,2838 1121,2778"/>
                    <TextEquiv>
                        <Unicode>Doch</Unicode>
                    </TextEquiv>
                </Word>
                <Word id="r_10_tl_52_w7" custom="readingOrder {index:6;}">
                    <Coords points="1149,2778 1149,2838 1222,2838 1222,2778"/>
                    <TextEquiv>
                        <Unicode>wird</Unicode>
                    </TextEquiv>
                </Word>
                <Word id="r_10_tl_52_w8" custom="readingOrder {index:7;}">
                    <Coords points="1250,2776 1250,2836 1292,2836 1292,2776"/>
                    <TextEquiv>
                        <Unicode>ihr</Unicode>
                    </TextEquiv>
                </Word>
                <TextEquiv>
                    <Unicode>Stadt weichen, und anderswo leben. Doch wird ihr</Unicode>
                </TextEquiv>
            </TextLine>
            <TextLine id="r_10_tl_53" custom="readingOrder {index:52;}">
                <Coords points="302,2896 656,2916 1040,2883 1215,2923 1294,2893 1294,2826 1242,2822 302,2834"/>
                <Baseline points="316,2881 361,2878 406,2878 450,2875 495,2875 540,2875 585,2875 629,2872 674,2872 719,2872 764,2869 809,2866 853,2863 898,2860 943,2860 988,2863 1032,2866 1077,2869 1122,2869 1167,2869 1212,2869 1256,2866 1301,2869"/>
                <Word id="r_10_tl_53_w1" custom="readingOrder {index:0;}">
                    <Coords points="311,2839 311,2899 367,2899 367,2839"/>
                    <TextEquiv>
                        <Unicode>nen</Unicode>
                    </TextEquiv>
                </Word>
                <Word id="r_10_tl_53_w2" custom="readingOrder {index:1;}">
                    <Coords points="394,2837 394,2897 438,2897 438,2837"/>
                    <TextEquiv>
                        <Unicode>ihr</Unicode>
                    </TextEquiv>
                </Word>
                <Word id="r_10_tl_53_w3" custom="readingOrder {index:2;}">
                    <Coords points="464,2835 464,2895 636,2895 636,2835"/>
                    <TextEquiv>
                        <Unicode>Unterhalt</Unicode>
                    </TextEquiv>
                </Word>
                <Word id="r_10_tl_53_w4" custom="readingOrder {index:3;}">
                    <Coords points="656,2832 656,2892 713,2892 713,2832"/>
                    <TextEquiv>
                        <Unicode>aus</Unicode>
                    </TextEquiv>
                </Word>
                <Word id="r_10_tl_53_w5" custom="readingOrder {index:4;}">
                    <Coords points="746,2828 746,2888 797,2888 797,2828"/>
                    <TextEquiv>
                        <Unicode>der</Unicode>
                    </TextEquiv>
                </Word>
                <Word id="r_10_tl_53_w6" custom="readingOrder {index:5;}">
                    <Coords points="829,2820 829,2880 989,2880 989,2820"/>
                    <TextEquiv>
                        <Unicode>gemeinen</Unicode>
                    </TextEquiv>
                </Word>
                <Word id="r_10_tl_53_w7" custom="readingOrder {index:6;}">
                    <Coords points="1015,2827 1015,2887 1104,2887 1104,2827"/>
                    <TextEquiv>
                        <Unicode>Casse</Unicode>
                    </TextEquiv>
                </Word>
                <Word id="r_10_tl_53_w8" custom="readingOrder {index:7;}">
                    <Coords points="1130,2828 1130,2888 1296,2888 1296,2828"/>
                    <TextEquiv>
                        <Unicode>gereichet,</Unicode>
                    </TextEquiv>
                </Word>
                <TextEquiv>
                    <Unicode>nen ihr Unterhalt aus der gemeinen Casse gereichet,</Unicode>
                </TextEquiv>
            </TextLine>
            <TextEquiv>
                <Unicode></Unicode>
            </TextEquiv>
        </TextRegion>
        <TextRegion id="r_54" custom="readingOrder {index:1;}">
            <Coords points="1299,353 2357,353 2357,1885 1312,1885"/>
            <TextLine id="r_54_tl_1" custom="readingOrder {index:0;}">
                <Coords points="1297,418 2304,433 2277,337 1297,346"/>
                <Baseline points="1310,409 1355,409 1400,406 1444,406 1489,406 1534,406 1579,406 1624,409 1668,409 1713,412 1758,412 1803,409 1848,409 1892,409 1937,406 1982,409 2027,409 2071,406 2116,406 2161,409 2206,409 2251,412 2295,414 2310,412"/>
                <Word id="r_54_tl_1_w1" custom="readingOrder {index:0;}">
                    <Coords points="1311,369 1311,429 1368,429 1368,369"/>
                    <TextEquiv>
                        <Unicode>und</Unicode>
                    </TextEquiv>
                </Word>
                <Word id="r_54_tl_1_w2" custom="readingOrder {index:1;}">
                    <Coords points="1394,366 1394,426 1434,426 1434,366"/>
                    <TextEquiv>
                        <Unicode>sie</Unicode>
                    </TextEquiv>
                </Word>
                <Word id="r_54_tl_1_w3" custom="readingOrder {index:2;}">
                    <Coords points="1451,366 1451,426 1559,426 1559,366"/>
                    <TextEquiv>
                        <Unicode>senden</Unicode>
                    </TextEquiv>
                </Word>
                <Word id="r_54_tl_1_w4" custom="readingOrder {index:3;}">
                    <Coords points="1584,368 1584,428 1658,428 1658,368"/>
                    <TextEquiv>
                        <Unicode>ihre</Unicode>
                    </TextEquiv>
                </Word>
                <Word id="r_54_tl_1_w5" custom="readingOrder {index:4;}">
                    <Coords points="1683,372 1683,432 1799,432 1799,372"/>
                    <TextEquiv>
                        <Unicode>Kinder</Unicode>
                    </TextEquiv>
                </Word>
                <Word id="r_54_tl_1_w6" custom="readingOrder {index:5;}">
                    <Coords points="1825,369 1825,429 1890,429 1890,369"/>
                    <TextEquiv>
                        <Unicode>nach</Unicode>
                    </TextEquiv>
                </Word>
                <Word id="r_54_tl_1_w7" custom="readingOrder {index:6;}">
                    <Coords points="1915,369 1915,429 2089,429 2089,369"/>
                    <TextEquiv>
                        <Unicode>Ephrata,</Unicode>
                    </TextEquiv>
                </Word>
                <Word id="r_54_tl_1_w8" custom="readingOrder {index:7;}">
                    <Coords points="2114,367 2114,427 2171,427 2171,367"/>
                    <TextEquiv>
                        <Unicode>daß</Unicode>
                    </TextEquiv>
                </Word>
                <Word id="r_54_tl_1_w9" custom="readingOrder {index:8;}">
                    <Coords points="2189,369 2189,429 2229,429 2229,369"/>
                    <TextEquiv>
                        <Unicode>sie</Unicode>
                    </TextEquiv>
                </Word>
                <Word id="r_54_tl_1_w10" custom="readingOrder {index:9;}">
                    <Coords points="2246,373 2246,433 2303,433 2303,373"/>
                    <TextEquiv>
                        <Unicode>da¬</Unicode>
                    </TextEquiv>
                </Word>
                <TextEquiv>
                    <Unicode>und sie senden ihre Kinder nach Ephrata, daß sie da¬</Unicode>
                </TextEquiv>
            </TextLine>
            <TextLine id="r_54_tl_2" custom="readingOrder {index:1;}">
                <Coords points="1312,468 2302,463 2302,428 2109,406 1755,443 1312,416"/>
                <Baseline points="1325,453 1370,453 1415,450 1459,450 1504,453 1549,453 1594,453 1639,456 1683,456 1728,459 1773,462 1818,456 1862,456 1907,456 1952,456 1997,456 2042,456 2086,453 2131,453 2176,453 2221,453 2266,456 2307,462"/>
                <Word id="r_54_tl_2_w1" custom="readingOrder {index:0;}">
                    <Coords points="1313,413 1313,473 1405,473 1405,413"/>
                    <TextEquiv>
                        <Unicode>selbst</Unicode>
                    </TextEquiv>
                </Word>
                <Word id="r_54_tl_2_w2" custom="readingOrder {index:1;}">
                    <Coords points="1423,411 1423,471 1550,471 1550,411"/>
                    <TextEquiv>
                        <Unicode>erzogen</Unicode>
                    </TextEquiv>
                </Word>
                <Word id="r_54_tl_2_w3" custom="readingOrder {index:2;}">
                    <Coords points="1579,416 1579,476 1718,476 1718,416"/>
                    <TextEquiv>
                        <Unicode>werden.</Unicode>
                    </TextEquiv>
                </Word>
                <Word id="r_54_tl_2_w4" custom="readingOrder {index:3;}">
                    <Coords points="1766,418 1766,478 1840,478 1840,418"/>
                    <TextEquiv>
                        <Unicode>Ihr</Unicode>
                    </TextEquiv>
                </Word>
                <Word id="r_54_tl_2_w5" custom="readingOrder {index:4;}">
                    <Coords points="1858,416 1858,476 2113,476 2113,416"/>
                    <TextEquiv>
                        <Unicode>gegenwärtiger</Unicode>
                    </TextEquiv>
                </Word>
                <Word id="r_54_tl_2_w6" custom="readingOrder {index:5;}">
                    <Coords points="2125,413 2125,473 2304,473 2304,413"/>
                    <TextEquiv>
                        <Unicode>Präsiden:</Unicode>
                    </TextEquiv>
                </Word>
                <TextEquiv>
                    <Unicode>selbst erzogen werden. Ihr gegenwärtiger Präsiden:</Unicode>
                </TextEquiv>
            </TextLine>
            <TextLine id="r_54_tl_3" custom="readingOrder {index:2;}">
                <Coords points="1309,520 2304,515 2287,465 1307,470"/>
                <Baseline points="1322,501 1367,501 1412,501 1456,501 1501,501 1546,501 1591,501 1636,501 1680,504 1725,504 1770,504 1815,504 1859,504 1904,504 1949,504 1994,504 2039,504 2083,504 2128,501 2173,501 2218,501 2263,504 2307,507 2310,507"/>
                <Word id="r_54_tl_3_w1" custom="readingOrder {index:0;}">
                    <Coords points="1314,461 1314,521 1348,521 1348,461"/>
                    <TextEquiv>
                        <Unicode>ist</Unicode>
                    </TextEquiv>
                </Word>
                <Word id="r_54_tl_3_w2" custom="readingOrder {index:1;}">
                    <Coords points="1372,461 1372,521 1411,521 1411,461"/>
                    <TextEquiv>
                        <Unicode>ein</Unicode>
                    </TextEquiv>
                </Word>
                <Word id="r_54_tl_3_w3" custom="readingOrder {index:2;}">
                    <Coords points="1441,461 1441,521 1636,521 1636,461"/>
                    <TextEquiv>
                        <Unicode>Deutscher,</Unicode>
                    </TextEquiv>
                </Word>
                <Word id="r_54_tl_3_w4" custom="readingOrder {index:3;}">
                    <Coords points="1660,464 1660,524 1810,524 1810,464"/>
                    <TextEquiv>
                        <Unicode>Namens</Unicode>
                    </TextEquiv>
                </Word>
                <Word id="r_54_tl_3_w5" custom="readingOrder {index:4;}">
                    <Coords points="1834,464 1834,524 1977,524 1977,464"/>
                    <TextEquiv>
                        <Unicode>Philipp</Unicode>
                    </TextEquiv>
                </Word>
                <Word id="r_54_tl_3_w6" custom="readingOrder {index:5;}">
                    <Coords points="2007,464 2007,524 2145,524 2145,464"/>
                    <TextEquiv>
                        <Unicode>Miller,</Unicode>
                    </TextEquiv>
                </Word>
                <Word id="r_54_tl_3_w7" custom="readingOrder {index:6;}">
                    <Coords points="2174,462 2174,522 2295,522 2295,462"/>
                    <TextEquiv>
                        <Unicode>welcher</Unicode>
                    </TextEquiv>
                </Word>
                <TextEquiv>
                    <Unicode>ist ein Deutscher, Namens Philipp Miller, welcher</Unicode>
                </TextEquiv>
            </TextLine>
            <TextLine id="r_54_tl_4" custom="readingOrder {index:3;}">
                <Coords points="1299,559 2312,564 2287,510 1299,520"/>
                <Baseline points="1313,552 1358,549 1403,546 1447,549 1492,546 1537,549 1582,549 1627,552 1671,552 1716,549 1761,552 1806,552 1851,552 1895,552 1940,552 1985,552 2030,552 2074,552 2119,552 2164,549 2209,549 2254,552 2298,552 2316,552"/>
                <Word id="r_54_tl_4_w1" custom="readingOrder {index:0;}">
                    <Coords points="1306,511 1306,571 1333,571 1333,511"/>
                    <TextEquiv>
                        <Unicode>zu</Unicode>
                    </TextEquiv>
                </Word>
                <Word id="r_54_tl_4_w2" custom="readingOrder {index:1;}">
                    <Coords points="1362,506 1362,566 1459,566 1459,506"/>
                    <TextEquiv>
                        <Unicode>Halle</Unicode>
                    </TextEquiv>
                </Word>
                <Word id="r_54_tl_4_w3" custom="readingOrder {index:2;}">
                    <Coords points="1476,509 1476,569 1607,569 1607,509"/>
                    <TextEquiv>
                        <Unicode>studiert</Unicode>
                    </TextEquiv>
                </Word>
                <Word id="r_54_tl_4_w4" custom="readingOrder {index:3;}">
                    <Coords points="1631,512 1631,572 1698,572 1698,512"/>
                    <TextEquiv>
                        <Unicode>hat.</Unicode>
                    </TextEquiv>
                </Word>
                <Word id="r_54_tl_4_w5" custom="readingOrder {index:4;}">
                    <Coords points="1750,512 1750,572 1824,572 1824,512"/>
                    <TextEquiv>
                        <Unicode>Sie</Unicode>
                    </TextEquiv>
                </Word>
                <Word id="r_54_tl_4_w6" custom="readingOrder {index:5;}">
                    <Coords points="1842,512 1842,572 1944,572 1944,512"/>
                    <TextEquiv>
                        <Unicode>taufen</Unicode>
                    </TextEquiv>
                </Word>
                <Word id="r_54_tl_4_w7" custom="readingOrder {index:6;}">
                    <Coords points="1979,512 1979,572 2058,572 2058,512"/>
                    <TextEquiv>
                        <Unicode>keine</Unicode>
                    </TextEquiv>
                </Word>
                <Word id="r_54_tl_4_w8" custom="readingOrder {index:7;}">
                    <Coords points="2082,509 2082,569 2218,569 2218,509"/>
                    <TextEquiv>
                        <Unicode>Kinder,</Unicode>
                    </TextEquiv>
                </Word>
                <Word id="r_54_tl_4_w9" custom="readingOrder {index:8;}">
                    <Coords points="2235,512 2235,572 2303,572 2303,512"/>
                    <TextEquiv>
                        <Unicode>son¬</Unicode>
                    </TextEquiv>
                </Word>
                <TextEquiv>
                    <Unicode>zu Halle studiert hat. Sie taufen keine Kinder, son¬</Unicode>
                </TextEquiv>
            </TextLine>
            <TextLine id="r_54_tl_5" custom="readingOrder {index:4;}">
                <Coords points="1304,606 2297,614 2297,564 2220,559 1304,567"/>
                <Baseline points="1319,597 1364,597 1409,597 1453,597 1498,594 1543,597 1588,597 1633,600 1677,600 1722,597 1767,600 1812,597 1857,600 1901,600 1946,603 1991,600 2036,603 2080,603 2125,600 2170,600 2215,597 2260,600 2304,600 2307,597"/>
                <Word id="r_54_tl_5_w1" custom="readingOrder {index:0;}">
                    <Coords points="1309,557 1309,617 1377,617 1377,557"/>
                    <TextEquiv>
                        <Unicode>dern</Unicode>
                    </TextEquiv>
                </Word>
                <Word id="r_54_tl_5_w2" custom="readingOrder {index:1;}">
                    <Coords points="1410,557 1410,617 1467,617 1467,557"/>
                    <TextEquiv>
                        <Unicode>nur</Unicode>
                    </TextEquiv>
                </Word>
                <Word id="r_54_tl_5_w3" custom="readingOrder {index:2;}">
                    <Coords points="1489,557 1489,617 1664,617 1664,557"/>
                    <TextEquiv>
                        <Unicode>erwachsne</Unicode>
                    </TextEquiv>
                </Word>
                <Word id="r_54_tl_5_w4" custom="readingOrder {index:3;}">
                    <Coords points="1686,558 1686,618 1802,618 1802,558"/>
                    <TextEquiv>
                        <Unicode>Leute,</Unicode>
                    </TextEquiv>
                </Word>
                <Word id="r_54_tl_5_w5" custom="readingOrder {index:4;}">
                    <Coords points="1834,560 1834,620 1945,620 1945,560"/>
                    <TextEquiv>
                        <Unicode>welche</Unicode>
                    </TextEquiv>
                </Word>
                <Word id="r_54_tl_5_w6" custom="readingOrder {index:5;}">
                    <Coords points="1967,560 1967,620 2003,620 2003,560"/>
                    <TextEquiv>
                        <Unicode>sie</Unicode>
                    </TextEquiv>
                </Word>
                <Word id="r_54_tl_5_w7" custom="readingOrder {index:6;}">
                    <Coords points="2025,563 2025,623 2104,623 2104,563"/>
                    <TextEquiv>
                        <Unicode>ganz</Unicode>
                    </TextEquiv>
                </Word>
                <Word id="r_54_tl_5_w8" custom="readingOrder {index:7;}">
                    <Coords points="2126,559 2126,619 2215,619 2215,559"/>
                    <TextEquiv>
                        <Unicode>unter</Unicode>
                    </TextEquiv>
                </Word>
                <Word id="r_54_tl_5_w9" custom="readingOrder {index:8;}">
                    <Coords points="2242,560 2242,620 2295,620 2295,560"/>
                    <TextEquiv>
                        <Unicode>das</Unicode>
                    </TextEquiv>
                </Word>
                <TextEquiv>
                    <Unicode>dern nur erwachsne Leute, welche sie ganz unter das</Unicode>
                </TextEquiv>
            </TextLine>
            <TextLine id="r_54_tl_6" custom="readingOrder {index:5;}">
                <Coords points="1302,653 2294,653 2294,606 2237,601 1302,606"/>
                <Baseline points="1316,641 1361,641 1406,641 1450,641 1495,644 1540,644 1585,644 1630,641 1674,641 1719,647 1764,647 1809,647 1854,647 1898,647 1943,647 1988,647 2033,647 2077,650 2122,650 2167,647 2212,644 2257,644 2301,644"/>
                <Word id="r_54_tl_6_w1" custom="readingOrder {index:0;}">
                    <Coords points="1308,601 1308,661 1438,661 1438,601"/>
                    <TextEquiv>
                        <Unicode>Wasser</Unicode>
                    </TextEquiv>
                </Word>
                <Word id="r_54_tl_6_w2" custom="readingOrder {index:1;}">
                    <Coords points="1455,604 1455,664 1601,664 1601,604"/>
                    <TextEquiv>
                        <Unicode>tauchen.</Unicode>
                    </TextEquiv>
                </Word>
                <Word id="r_54_tl_6_w3" custom="readingOrder {index:2;}">
                    <Coords points="1650,602 1650,662 1726,662 1726,602"/>
                    <TextEquiv>
                        <Unicode>Sie</Unicode>
                    </TextEquiv>
                </Word>
                <Word id="r_54_tl_6_w4" custom="readingOrder {index:3;}">
                    <Coords points="1754,607 1754,667 1884,667 1884,607"/>
                    <TextEquiv>
                        <Unicode>glauben</Unicode>
                    </TextEquiv>
                </Word>
                <Word id="r_54_tl_6_w5" custom="readingOrder {index:4;}">
                    <Coords points="1922,607 1922,667 2003,667 2003,607"/>
                    <TextEquiv>
                        <Unicode>einen</Unicode>
                    </TextEquiv>
                </Word>
                <Word id="r_54_tl_6_w6" custom="readingOrder {index:5;}">
                    <Coords points="2037,610 2037,670 2139,670 2139,610"/>
                    <TextEquiv>
                        <Unicode>freyen</Unicode>
                    </TextEquiv>
                </Word>
                <Word id="r_54_tl_6_w7" custom="readingOrder {index:6;}">
                    <Coords points="2167,604 2167,664 2280,664 2280,604"/>
                    <TextEquiv>
                        <Unicode>Willen</Unicode>
                    </TextEquiv>
                </Word>
                <TextEquiv>
                    <Unicode>Wasser tauchen. Sie glauben einen freyen Willen</Unicode>
                </TextEquiv>
            </TextLine>
            <TextLine id="r_54_tl_7" custom="readingOrder {index:6;}">
                <Coords points="1302,698 2297,700 2297,653 1302,651"/>
                <Baseline points="1316,689 1361,689 1406,689 1450,692 1495,692 1540,692 1585,692 1630,689 1674,692 1719,692 1764,695 1809,695 1854,692 1898,692 1943,695 1988,695 2033,695 2077,698 2122,695 2167,698 2212,695 2257,695 2301,692 2304,692"/>
                <Word id="r_54_tl_7_w1" custom="readingOrder {index:0;}">
                    <Coords points="1313,649 1313,709 1372,709 1372,649"/>
                    <TextEquiv>
                        <Unicode>und</Unicode>
                    </TextEquiv>
                </Word>
                <Word id="r_54_tl_7_w2" custom="readingOrder {index:1;}">
                    <Coords points="1400,652 1400,712 1530,712 1530,652"/>
                    <TextEquiv>
                        <Unicode>läugnen</Unicode>
                    </TextEquiv>
                </Word>
                <Word id="r_54_tl_7_w3" custom="readingOrder {index:2;}">
                    <Coords points="1563,652 1563,712 1605,712 1605,652"/>
                    <TextEquiv>
                        <Unicode>die</Unicode>
                    </TextEquiv>
                </Word>
                <Word id="r_54_tl_7_w4" custom="readingOrder {index:3;}">
                    <Coords points="1628,652 1628,712 1812,712 1812,652"/>
                    <TextEquiv>
                        <Unicode>Erbsünde.</Unicode>
                    </TextEquiv>
                </Word>
                <Word id="r_54_tl_7_w5" custom="readingOrder {index:4;}">
                    <Coords points="1850,652 1850,712 1920,712 1920,652"/>
                    <TextEquiv>
                        <Unicode>Sie</Unicode>
                    </TextEquiv>
                </Word>
                <Word id="r_54_tl_7_w6" custom="readingOrder {index:5;}">
                    <Coords points="1943,655 1943,715 2029,715 2029,655"/>
                    <TextEquiv>
                        <Unicode>laßen</Unicode>
                    </TextEquiv>
                </Word>
                <Word id="r_54_tl_7_w7" custom="readingOrder {index:6;}">
                    <Coords points="2056,657 2056,717 2105,717 2105,657"/>
                    <TextEquiv>
                        <Unicode>sich</Unicode>
                    </TextEquiv>
                </Word>
                <Word id="r_54_tl_7_w8" custom="readingOrder {index:7;}">
                    <Coords points="2133,657 2133,717 2202,717 2202,657"/>
                    <TextEquiv>
                        <Unicode>eher</Unicode>
                    </TextEquiv>
                </Word>
                <Word id="r_54_tl_7_w9" custom="readingOrder {index:8;}">
                    <Coords points="2225,654 2225,714 2300,714 2300,654"/>
                    <TextEquiv>
                        <Unicode>alles</Unicode>
                    </TextEquiv>
                </Word>
                <TextEquiv>
                    <Unicode>und läugnen die Erbsünde. Sie laßen sich eher alles</Unicode>
                </TextEquiv>
            </TextLine>
            <TextLine id="r_54_tl_8" custom="readingOrder {index:7;}">
                <Coords points="314,762 2304,755 2304,700 314,686"/>
                <Baseline points="328,737 355,740 400,740 444,737 489,740 534,740 579,740 623,737 668,740 713,740 758,737 803,737 847,737 892,737 937,737 982,737 1027,737 1071,734 1116,734 1161,734 1206,728 1250,731 1295,728 1316,734 1361,734 1406,737 1450,737 1495,737 1540,740 1585,737 1630,740 1674,740 1719,740 1764,740 1809,740 1854,740 1898,740 1943,740 1988,740 2033,743 2077,746 2122,743 2167,743 2212,746 2257,743 2301,743 2307,746"/>
                <Word id="r_54_tl_8_w1" custom="readingOrder {index:0;}">
                    <Coords points="327,700 327,760 409,760 409,700"/>
                    <TextEquiv>
                        <Unicode>Den</Unicode>
                    </TextEquiv>
                </Word>
                <Word id="r_54_tl_8_w2" custom="readingOrder {index:1;}">
                    <Coords points="433,698 433,758 503,758 503,698"/>
                    <TextEquiv>
                        <Unicode>7ten</Unicode>
                    </TextEquiv>
                </Word>
                <Word id="r_54_tl_8_w3" custom="readingOrder {index:2;}">
                    <Coords points="527,700 527,760 603,760 603,700"/>
                    <TextEquiv>
                        <Unicode>starb</Unicode>
                    </TextEquiv>
                </Word>
                <Word id="r_54_tl_8_w4" custom="readingOrder {index:3;}">
                    <Coords points="627,698 627,758 656,758 656,698"/>
                    <TextEquiv>
                        <Unicode>im</Unicode>
                    </TextEquiv>
                </Word>
                <Word id="r_54_tl_8_w5" custom="readingOrder {index:4;}">
                    <Coords points="692,697 692,757 797,757 797,697"/>
                    <TextEquiv>
                        <Unicode>84sten</Unicode>
                    </TextEquiv>
                </Word>
                <Word id="r_54_tl_8_w6" custom="readingOrder {index:5;}">
                    <Coords points="828,697 828,757 915,757 915,697"/>
                    <TextEquiv>
                        <Unicode>Jahr</Unicode>
                    </TextEquiv>
                </Word>
                <Word id="r_54_tl_8_w7" custom="readingOrder {index:6;}">
                    <Coords points="945,697 945,757 1039,757 1039,697"/>
                    <TextEquiv>
                        <Unicode>seines</Unicode>
                    </TextEquiv>
                </Word>
                <Word id="r_54_tl_8_w8" custom="readingOrder {index:7;}">
                    <Coords points="1064,694 1064,754 1169,754 1169,694"/>
                    <TextEquiv>
                        <Unicode>Alters</Unicode>
                    </TextEquiv>
                </Word>
                <Word id="r_54_tl_8_w9" custom="readingOrder {index:8;}">
                    <Coords points="1193,690 1193,750 1281,750 1281,690"/>
                    <TextEquiv>
                        <Unicode>Wil=</Unicode>
                    </TextEquiv>
                </Word>
                <Word id="r_54_tl_8_w10" custom="readingOrder {index:9;}">
                    <Coords points="1317,695 1317,755 1458,755 1458,695"/>
                    <TextEquiv>
                        <Unicode>Unrecht</Unicode>
                    </TextEquiv>
                </Word>
                <Word id="r_54_tl_8_w11" custom="readingOrder {index:10;}">
                    <Coords points="1482,699 1482,759 1587,759 1587,699"/>
                    <TextEquiv>
                        <Unicode>thun,</Unicode>
                    </TextEquiv>
                </Word>
                <Word id="r_54_tl_8_w12" custom="readingOrder {index:11;}">
                    <Coords points="1617,700 1617,760 1664,760 1664,700"/>
                    <TextEquiv>
                        <Unicode>als</Unicode>
                    </TextEquiv>
                </Word>
                <Word id="r_54_tl_8_w13" custom="readingOrder {index:12;}">
                    <Coords points="1700,700 1700,760 1753,760 1753,700"/>
                    <TextEquiv>
                        <Unicode>daß</Unicode>
                    </TextEquiv>
                </Word>
                <Word id="r_54_tl_8_w14" custom="readingOrder {index:13;}">
                    <Coords points="1789,700 1789,760 1823,760 1823,700"/>
                    <TextEquiv>
                        <Unicode>sie</Unicode>
                    </TextEquiv>
                </Word>
                <Word id="r_54_tl_8_w15" custom="readingOrder {index:14;}">
                    <Coords points="1854,700 1854,760 2000,760 2000,700"/>
                    <TextEquiv>
                        <Unicode>Processe</Unicode>
                    </TextEquiv>
                </Word>
                <Word id="r_54_tl_8_w16" custom="readingOrder {index:15;}">
                    <Coords points="2030,705 2030,765 2141,765 2141,705"/>
                    <TextEquiv>
                        <Unicode>führen</Unicode>
                    </TextEquiv>
                </Word>
                <Word id="r_54_tl_8_w17" custom="readingOrder {index:16;}">
                    <Coords points="2177,704 2177,764 2300,764 2300,704"/>
                    <TextEquiv>
                        <Unicode>sollten.</Unicode>
                    </TextEquiv>
                </Word>
                <TextEquiv>
                    <Unicode>Den 7ten starb im 84sten Jahr seines Alters Wil= Unrecht thun, als daß sie Processe führen sollten.</Unicode>
                </TextEquiv>
            </TextLine>
            <TextLine id="r_54_tl_9" custom="readingOrder {index:8;}">
                <Coords points="1312,790 2304,809 2302,757 2242,750 1312,745"/>
                <Baseline points="1325,776 1370,782 1415,785 1459,782 1504,785 1549,785 1594,785 1639,788 1683,788 1728,788 1773,788 1818,788 1862,788 1907,788 1952,788 1997,788 2042,791 2086,791 2131,791 2176,794 2221,791 2266,791 2307,788"/>
                <Word id="r_54_tl_9_w1" custom="readingOrder {index:0;}">
                    <Coords points="1312,739 1312,799 1387,799 1387,739"/>
                    <TextEquiv>
                        <Unicode>Den</Unicode>
                    </TextEquiv>
                </Word>
                <Word id="r_54_tl_9_w2" custom="readingOrder {index:1;}">
                    <Coords points="1415,744 1415,804 1571,804 1571,744"/>
                    <TextEquiv>
                        <Unicode>Sabbath</Unicode>
                    </TextEquiv>
                </Word>
                <Word id="r_54_tl_9_w3" custom="readingOrder {index:2;}">
                    <Coords points="1599,748 1599,808 1695,808 1695,748"/>
                    <TextEquiv>
                        <Unicode>halten</Unicode>
                    </TextEquiv>
                </Word>
                <Word id="r_54_tl_9_w4" custom="readingOrder {index:3;}">
                    <Coords points="1723,748 1723,808 1760,808 1760,748"/>
                    <TextEquiv>
                        <Unicode>sie</Unicode>
                    </TextEquiv>
                </Word>
                <Word id="r_54_tl_9_w5" custom="readingOrder {index:4;}">
                    <Coords points="1783,748 1783,808 1912,808 1912,748"/>
                    <TextEquiv>
                        <Unicode>genau,</Unicode>
                    </TextEquiv>
                </Word>
                <Word id="r_54_tl_9_w6" custom="readingOrder {index:5;}">
                    <Coords points="1935,748 1935,808 1982,808 1982,748"/>
                    <TextEquiv>
                        <Unicode>ihr</Unicode>
                    </TextEquiv>
                </Word>
                <Word id="r_54_tl_9_w7" custom="readingOrder {index:6;}">
                    <Coords points="2010,751 2010,811 2118,811 2118,751"/>
                    <TextEquiv>
                        <Unicode>Gebet</Unicode>
                    </TextEquiv>
                </Word>
                <Word id="r_54_tl_9_w8" custom="readingOrder {index:7;}">
                    <Coords points="2134,753 2134,813 2193,813 2193,753"/>
                    <TextEquiv>
                        <Unicode>und</Unicode>
                    </TextEquiv>
                </Word>
                <Word id="r_54_tl_9_w9" custom="readingOrder {index:8;}">
                    <Coords points="2221,751 2221,811 2301,811 2301,751"/>
                    <TextEquiv>
                        <Unicode>Pre¬</Unicode>
                    </TextEquiv>
                </Word>
                <TextEquiv>
                    <Unicode>Den Sabbath halten sie genau, ihr Gebet und Pre¬</Unicode>
                </TextEquiv>
            </TextLine>
            <TextLine id="r_54_tl_10" custom="readingOrder {index:9;}">
                <Coords points="1312,839 2193,859 2304,849 2304,809 1309,790"/>
                <Baseline points="1325,829 1370,829 1415,832 1459,829 1504,832 1549,832 1594,832 1639,835 1683,835 1728,835 1773,835 1818,835 1862,835 1907,835 1952,835 1997,835 2042,838 2086,838 2131,838 2176,838 2221,838 2266,841 2310,841"/>
                <Word id="r_54_tl_10_w1" custom="readingOrder {index:0;}">
                    <Coords points="1315,789 1315,849 1401,849 1401,789"/>
                    <TextEquiv>
                        <Unicode>digen</Unicode>
                    </TextEquiv>
                </Word>
                <Word id="r_54_tl_10_w2" custom="readingOrder {index:1;}">
                    <Coords points="1428,789 1428,849 1465,849 1465,789"/>
                    <TextEquiv>
                        <Unicode>ist</Unicode>
                    </TextEquiv>
                </Word>
                <Word id="r_54_tl_10_w3" custom="readingOrder {index:2;}">
                    <Coords points="1483,792 1483,852 1536,852 1536,792"/>
                    <TextEquiv>
                        <Unicode>aus</Unicode>
                    </TextEquiv>
                </Word>
                <Word id="r_54_tl_10_w4" custom="readingOrder {index:3;}">
                    <Coords points="1564,792 1564,852 1612,852 1612,792"/>
                    <TextEquiv>
                        <Unicode>dem</Unicode>
                    </TextEquiv>
                </Word>
                <Word id="r_54_tl_10_w5" custom="readingOrder {index:4;}">
                    <Coords points="1657,795 1657,855 1824,855 1824,795"/>
                    <TextEquiv>
                        <Unicode>Stegreif.</Unicode>
                    </TextEquiv>
                </Word>
                <Word id="r_54_tl_10_w6" custom="readingOrder {index:5;}">
                    <Coords points="1874,795 1874,855 1949,855 1949,795"/>
                    <TextEquiv>
                        <Unicode>Sie</Unicode>
                    </TextEquiv>
                </Word>
                <Word id="r_54_tl_10_w7" custom="readingOrder {index:6;}">
                    <Coords points="1971,796 1971,856 2079,856 2079,796"/>
                    <TextEquiv>
                        <Unicode>sagen,</Unicode>
                    </TextEquiv>
                </Word>
                <Word id="r_54_tl_10_w8" custom="readingOrder {index:7;}">
                    <Coords points="2101,798 2101,858 2150,858 2150,798"/>
                    <TextEquiv>
                        <Unicode>die</Unicode>
                    </TextEquiv>
                </Word>
                <Word id="r_54_tl_10_w9" custom="readingOrder {index:8;}">
                    <Coords points="2172,798 2172,858 2291,858 2291,798"/>
                    <TextEquiv>
                        <Unicode>Seelen</Unicode>
                    </TextEquiv>
                </Word>
                <TextEquiv>
                    <Unicode>digen ist aus dem Stegreif. Sie sagen, die Seelen</Unicode>
                </TextEquiv>
            </TextLine>
            <TextLine id="r_54_tl_11" custom="readingOrder {index:10;}">
                <Coords points="1312,893 2312,896 2282,846 1312,842"/>
                <Baseline points="1325,877 1370,877 1415,880 1459,880 1504,880 1549,880 1594,883 1639,880 1683,883 1728,883 1773,883 1818,883 1862,880 1907,883 1952,883 1997,883 2042,886 2086,883 2131,886 2176,886 2221,886 2266,886 2310,886 2316,886"/>
                <Word id="r_54_tl_11_w1" custom="readingOrder {index:0;}">
                    <Coords points="1318,837 1318,897 1367,897 1367,837"/>
                    <TextEquiv>
                        <Unicode>der</Unicode>
                    </TextEquiv>
                </Word>
                <Word id="r_54_tl_11_w2" custom="readingOrder {index:1;}">
                    <Coords points="1395,840 1395,900 1617,900 1617,840"/>
                    <TextEquiv>
                        <Unicode>abgestorbnen</Unicode>
                    </TextEquiv>
                </Word>
                <Word id="r_54_tl_11_w3" custom="readingOrder {index:2;}">
                    <Coords points="1650,843 1650,903 1866,903 1866,843"/>
                    <TextEquiv>
                        <Unicode>Gläubigen,</Unicode>
                    </TextEquiv>
                </Word>
                <Word id="r_54_tl_11_w4" custom="readingOrder {index:3;}">
                    <Coords points="1889,843 1889,903 1988,903 1988,843"/>
                    <TextEquiv>
                        <Unicode>wären</Unicode>
                    </TextEquiv>
                </Word>
                <Word id="r_54_tl_11_w5" custom="readingOrder {index:4;}">
                    <Coords points="2027,845 2027,905 2232,905 2232,845"/>
                    <TextEquiv>
                        <Unicode>beschäftiget</Unicode>
                    </TextEquiv>
                </Word>
                <Word id="r_54_tl_11_w6" custom="readingOrder {index:5;}">
                    <Coords points="2254,846 2254,906 2304,906 2304,846"/>
                    <TextEquiv>
                        <Unicode>die</Unicode>
                    </TextEquiv>
                </Word>
                <TextEquiv>
                    <Unicode>der abgestorbnen Gläubigen, wären beschäftiget die</Unicode>
                </TextEquiv>
            </TextLine>
            <TextLine id="r_54_tl_12" custom="readingOrder {index:11;}">
                <Coords points="1314,936 2307,943 2275,891 1314,893"/>
                <Baseline points="1328,928 1373,928 1418,928 1462,928 1507,928 1552,928 1597,928 1642,928 1686,928 1731,931 1776,934 1821,931 1865,931 1910,931 1955,931 2000,931 2045,931 2089,934 2134,934 2179,934 2224,934 2269,934 2313,931"/>
                <Word id="r_54_tl_12_w1" custom="readingOrder {index:0;}">
                    <Coords points="1319,888 1319,948 1437,948 1437,888"/>
                    <TextEquiv>
                        <Unicode>Seelen</Unicode>
                    </TextEquiv>
                </Word>
                <Word id="r_54_tl_12_w2" custom="readingOrder {index:1;}">
                    <Coords points="1468,888 1468,948 1519,948 1519,888"/>
                    <TextEquiv>
                        <Unicode>der</Unicode>
                    </TextEquiv>
                </Word>
                <Word id="r_54_tl_12_w3" custom="readingOrder {index:2;}">
                    <Coords points="1546,888 1546,948 1762,948 1762,888"/>
                    <TextEquiv>
                        <Unicode>Verstorbnen</Unicode>
                    </TextEquiv>
                </Word>
                <Word id="r_54_tl_12_w4" custom="readingOrder {index:3;}">
                    <Coords points="1794,891 1794,951 1825,951 1825,891"/>
                    <TextEquiv>
                        <Unicode>zu</Unicode>
                    </TextEquiv>
                </Word>
                <Word id="r_54_tl_12_w5" custom="readingOrder {index:4;}">
                    <Coords points="1856,891 1856,951 2036,951 2036,891"/>
                    <TextEquiv>
                        <Unicode>bekehren,</Unicode>
                    </TextEquiv>
                </Word>
                <Word id="r_54_tl_12_w6" custom="readingOrder {index:5;}">
                    <Coords points="2079,894 2079,954 2186,954 2186,894"/>
                    <TextEquiv>
                        <Unicode>welche</Unicode>
                    </TextEquiv>
                </Word>
                <Word id="r_54_tl_12_w7" custom="readingOrder {index:6;}">
                    <Coords points="2218,894 2218,954 2300,954 2300,894"/>
                    <TextEquiv>
                        <Unicode>keine</Unicode>
                    </TextEquiv>
                </Word>
                <TextEquiv>
                    <Unicode>Seelen der Verstorbnen zu bekehren, welche keine</Unicode>
                </TextEquiv>
            </TextLine>
            <TextLine id="r_54_tl_13" custom="readingOrder {index:12;}">
                <Coords points="1312,980 2312,995 2292,940 1312,940"/>
                <Baseline points="1325,973 1370,973 1415,976 1459,976 1504,976 1549,976 1594,976 1639,976 1683,976 1728,976 1773,976 1818,979 1862,976 1907,976 1952,979 1997,979 2042,982 2086,982 2131,982 2176,985 2221,982 2266,982 2310,982 2316,979"/>
                <Word id="r_54_tl_13_w1" custom="readingOrder {index:0;}">
                    <Coords points="1318,936 1318,996 1534,996 1534,936"/>
                    <TextEquiv>
                        <Unicode>Gelegenheit</Unicode>
                    </TextEquiv>
                </Word>
                <Word id="r_54_tl_13_w2" custom="readingOrder {index:1;}">
                    <Coords points="1556,936 1556,996 1670,996 1670,936"/>
                    <TextEquiv>
                        <Unicode>gehabt</Unicode>
                    </TextEquiv>
                </Word>
                <Word id="r_54_tl_13_w3" custom="readingOrder {index:2;}">
                    <Coords points="1692,936 1692,996 1822,996 1822,936"/>
                    <TextEquiv>
                        <Unicode>hätten,</Unicode>
                    </TextEquiv>
                </Word>
                <Word id="r_54_tl_13_w4" custom="readingOrder {index:3;}">
                    <Coords points="1855,936 1855,996 1908,996 1908,936"/>
                    <TextEquiv>
                        <Unicode>das</Unicode>
                    </TextEquiv>
                </Word>
                <Word id="r_54_tl_13_w5" custom="readingOrder {index:4;}">
                    <Coords points="1941,941 1941,1001 2141,1001 2141,941"/>
                    <TextEquiv>
                        <Unicode>Evangelium</Unicode>
                    </TextEquiv>
                </Word>
                <Word id="r_54_tl_13_w6" custom="readingOrder {index:5;}">
                    <Coords points="2191,942 2191,1002 2223,1002 2223,942"/>
                    <TextEquiv>
                        <Unicode>zu</Unicode>
                    </TextEquiv>
                </Word>
                <Word id="r_54_tl_13_w7" custom="readingOrder {index:6;}">
                    <Coords points="2256,942 2256,1002 2309,1002 2309,942"/>
                    <TextEquiv>
                        <Unicode>hö¬</Unicode>
                    </TextEquiv>
                </Word>
                <TextEquiv>
                    <Unicode>Gelegenheit gehabt hätten, das Evangelium zu hö¬</Unicode>
                </TextEquiv>
            </TextLine>
            <TextLine id="r_54_tl_14" custom="readingOrder {index:13;}">
                <Coords points="1312,1030 2312,1042 2312,995 2250,985 1312,980"/>
                <Baseline points="1325,1015 1370,1018 1415,1018 1459,1021 1504,1024 1549,1024 1594,1024 1639,1021 1683,1021 1728,1021 1773,1021 1818,1021 1862,1021 1907,1021 1952,1024 1997,1027 2042,1027 2086,1030 2131,1030 2176,1030 2221,1030 2266,1027 2310,1027 2316,1027"/>
                <Word id="r_54_tl_14_w1" custom="readingOrder {index:0;}">
                    <Coords points="1312,976 1312,1036 1387,1036 1387,976"/>
                    <TextEquiv>
                        <Unicode>ren.</Unicode>
                    </TextEquiv>
                </Word>
                <Word id="r_54_tl_14_w2" custom="readingOrder {index:1;}">
                    <Coords points="1443,982 1443,1042 1513,1042 1513,982"/>
                    <TextEquiv>
                        <Unicode>Sie</Unicode>
                    </TextEquiv>
                </Word>
                <Word id="r_54_tl_14_w3" custom="readingOrder {index:2;}">
                    <Coords points="1544,983 1544,1043 1674,1043 1674,983"/>
                    <TextEquiv>
                        <Unicode>glauben</Unicode>
                    </TextEquiv>
                </Word>
                <Word id="r_54_tl_14_w4" custom="readingOrder {index:3;}">
                    <Coords points="1715,981 1715,1041 1795,1041 1795,981"/>
                    <TextEquiv>
                        <Unicode>keine</Unicode>
                    </TextEquiv>
                </Word>
                <Word id="r_54_tl_14_w5" custom="readingOrder {index:4;}">
                    <Coords points="1821,981 1821,1041 1922,1041 1922,981"/>
                    <TextEquiv>
                        <Unicode>ewige</Unicode>
                    </TextEquiv>
                </Word>
                <Word id="r_54_tl_14_w6" custom="readingOrder {index:5;}">
                    <Coords points="1947,989 1947,1049 2214,1049 2214,989"/>
                    <TextEquiv>
                        <Unicode>Verdammniß,</Unicode>
                    </TextEquiv>
                </Word>
                <Word id="r_54_tl_14_w7" custom="readingOrder {index:6;}">
                    <Coords points="2240,987 2240,1047 2310,1047 2310,987"/>
                    <TextEquiv>
                        <Unicode>son¬</Unicode>
                    </TextEquiv>
                </Word>
                <TextEquiv>
                    <Unicode>ren. Sie glauben keine ewige Verdammniß, son¬</Unicode>
                </TextEquiv>
            </TextLine>
            <TextLine id="r_54_tl_15" custom="readingOrder {index:14;}">
                <Coords points="1314,1074 2317,1087 2294,1040 1314,1027"/>
                <Baseline points="1328,1062 1373,1065 1418,1065 1462,1065 1507,1065 1552,1065 1597,1068 1642,1065 1686,1065 1731,1065 1776,1062 1821,1062 1865,1062 1910,1065 1955,1065 2000,1071 2045,1071 2089,1074 2134,1071 2179,1074 2224,1074 2269,1074 2313,1074 2322,1074"/>
                <Word id="r_54_tl_15_w1" custom="readingOrder {index:0;}">
                    <Coords points="1319,1023 1319,1083 1387,1083 1387,1023"/>
                    <TextEquiv>
                        <Unicode>dern</Unicode>
                    </TextEquiv>
                </Word>
                <Word id="r_54_tl_15_w2" custom="readingOrder {index:1;}">
                    <Coords points="1414,1025 1414,1085 1519,1085 1519,1025"/>
                    <TextEquiv>
                        <Unicode>sagen,</Unicode>
                    </TextEquiv>
                </Word>
                <Word id="r_54_tl_15_w3" custom="readingOrder {index:2;}">
                    <Coords points="1546,1026 1546,1086 1598,1086 1598,1026"/>
                    <TextEquiv>
                        <Unicode>daß</Unicode>
                    </TextEquiv>
                </Word>
                <Word id="r_54_tl_15_w4" custom="readingOrder {index:3;}">
                    <Coords points="1625,1025 1625,1085 1688,1085 1688,1025"/>
                    <TextEquiv>
                        <Unicode>eine</Unicode>
                    </TextEquiv>
                </Word>
                <Word id="r_54_tl_15_w5" custom="readingOrder {index:4;}">
                    <Coords points="1709,1022 1709,1082 1830,1082 1830,1022"/>
                    <TextEquiv>
                        <Unicode>gewisse</Unicode>
                    </TextEquiv>
                </Word>
                <Word id="r_54_tl_15_w6" custom="readingOrder {index:5;}">
                    <Coords points="1857,1023 1857,1083 1925,1083 1925,1023"/>
                    <TextEquiv>
                        <Unicode>Zeit</Unicode>
                    </TextEquiv>
                </Word>
                <Word id="r_54_tl_15_w7" custom="readingOrder {index:6;}">
                    <Coords points="1946,1030 1946,1090 2051,1090 2051,1030"/>
                    <TextEquiv>
                        <Unicode>gesetzt</Unicode>
                    </TextEquiv>
                </Word>
                <Word id="r_54_tl_15_w8" custom="readingOrder {index:7;}">
                    <Coords points="2073,1033 2073,1093 2135,1093 2135,1033"/>
                    <TextEquiv>
                        <Unicode>sey,</Unicode>
                    </TextEquiv>
                </Word>
                <Word id="r_54_tl_15_w9" custom="readingOrder {index:8;}">
                    <Coords points="2157,1034 2157,1094 2215,1094 2215,1034"/>
                    <TextEquiv>
                        <Unicode>wie</Unicode>
                    </TextEquiv>
                </Word>
                <Word id="r_54_tl_15_w10" custom="readingOrder {index:9;}">
                    <Coords points="2236,1034 2236,1094 2304,1094 2304,1034"/>
                    <TextEquiv>
                        <Unicode>lan¬</Unicode>
                    </TextEquiv>
                </Word>
                <TextEquiv>
                    <Unicode>dern sagen, daß eine gewisse Zeit gesetzt sey, wie lan¬</Unicode>
                </TextEquiv>
            </TextLine>
            <TextLine id="r_54_tl_16" custom="readingOrder {index:15;}">
                <Coords points="1309,1124 2302,1129 2302,1084 1309,1074"/>
                <Baseline points="1322,1113 1367,1110 1412,1110 1456,1110 1501,1110 1546,1110 1591,1110 1636,1107 1680,1110 1725,1110 1770,1110 1815,1110 1859,1107 1904,1110 1949,1110 1994,1113 2039,1113 2083,1113 2128,1113 2173,1116 2218,1116 2263,1119 2307,1119 2310,1116"/>
                <Word id="r_54_tl_16_w1" custom="readingOrder {index:0;}">
                    <Coords points="1314,1072 1314,1132 1349,1132 1349,1072"/>
                    <TextEquiv>
                        <Unicode>ge</Unicode>
                    </TextEquiv>
                </Word>
                <Word id="r_54_tl_16_w2" custom="readingOrder {index:1;}">
                    <Coords points="1376,1070 1376,1130 1422,1130 1422,1070"/>
                    <TextEquiv>
                        <Unicode>die</Unicode>
                    </TextEquiv>
                </Word>
                <Word id="r_54_tl_16_w3" custom="readingOrder {index:2;}">
                    <Coords points="1448,1070 1448,1130 1675,1130 1675,1070"/>
                    <TextEquiv>
                        <Unicode>Höllenstrafen</Unicode>
                    </TextEquiv>
                </Word>
                <Word id="r_54_tl_16_w4" custom="readingOrder {index:3;}">
                    <Coords points="1712,1070 1712,1130 1825,1130 1825,1070"/>
                    <TextEquiv>
                        <Unicode>dauren</Unicode>
                    </TextEquiv>
                </Word>
                <Word id="r_54_tl_16_w5" custom="readingOrder {index:4;}">
                    <Coords points="1862,1070 1862,1130 2000,1130 2000,1070"/>
                    <TextEquiv>
                        <Unicode>werden.</Unicode>
                    </TextEquiv>
                </Word>
                <Word id="r_54_tl_16_w6" custom="readingOrder {index:5;}">
                    <Coords points="2052,1073 2052,1133 2150,1133 2150,1073"/>
                    <TextEquiv>
                        <Unicode>Diese</Unicode>
                    </TextEquiv>
                </Word>
                <Word id="r_54_tl_16_w7" custom="readingOrder {index:6;}">
                    <Coords points="2182,1077 2182,1137 2305,1137 2305,1077"/>
                    <TextEquiv>
                        <Unicode>Gesell¬</Unicode>
                    </TextEquiv>
                </Word>
                <TextEquiv>
                    <Unicode>ge die Höllenstrafen dauren werden. Diese Gesell¬</Unicode>
                </TextEquiv>
            </TextLine>
            <TextLine id="r_54_tl_17" custom="readingOrder {index:16;}">
                <Coords points="1312,1171 2302,1173 2302,1129 2042,1111 1312,1124"/>
                <Baseline points="1325,1155 1370,1155 1415,1152 1459,1155 1504,1155 1549,1155 1594,1155 1639,1155 1683,1155 1728,1155 1773,1158 1818,1158 1862,1155 1907,1158 1952,1158 1997,1158 2042,1158 2086,1158 2131,1158 2176,1161 2221,1161 2266,1164 2307,1164"/>
                <Word id="r_54_tl_17_w1" custom="readingOrder {index:0;}">
                    <Coords points="1312,1115 1312,1175 1409,1175 1409,1115"/>
                    <TextEquiv>
                        <Unicode>schaft</Unicode>
                    </TextEquiv>
                </Word>
                <Word id="r_54_tl_17_w2" custom="readingOrder {index:1;}">
                    <Coords points="1436,1115 1436,1175 1487,1175 1487,1115"/>
                    <TextEquiv>
                        <Unicode>des</Unicode>
                    </TextEquiv>
                </Word>
                <Word id="r_54_tl_17_w3" custom="readingOrder {index:2;}">
                    <Coords points="1518,1115 1518,1175 1710,1175 1710,1115"/>
                    <TextEquiv>
                        <Unicode>Danckards</Unicode>
                    </TextEquiv>
                </Word>
                <Word id="r_54_tl_17_w4" custom="readingOrder {index:3;}">
                    <Coords points="1746,1118 1746,1178 1865,1178 1865,1118"/>
                    <TextEquiv>
                        <Unicode>besteht</Unicode>
                    </TextEquiv>
                </Word>
                <Word id="r_54_tl_17_w5" custom="readingOrder {index:4;}">
                    <Coords points="1887,1118 1887,1178 1948,1178 1948,1118"/>
                    <TextEquiv>
                        <Unicode>aus</Unicode>
                    </TextEquiv>
                </Word>
                <Word id="r_54_tl_17_w6" custom="readingOrder {index:5;}">
                    <Coords points="1980,1118 1980,1178 2083,1178 2083,1118"/>
                    <TextEquiv>
                        <Unicode>lauter</Unicode>
                    </TextEquiv>
                </Word>
                <Word id="r_54_tl_17_w7" custom="readingOrder {index:6;}">
                    <Coords points="2109,1121 2109,1181 2305,1181 2305,1121"/>
                    <TextEquiv>
                        <Unicode>Deutschen,</Unicode>
                    </TextEquiv>
                </Word>
                <TextEquiv>
                    <Unicode>schaft des Danckards besteht aus lauter Deutschen,</Unicode>
                </TextEquiv>
            </TextLine>
            <TextLine id="r_54_tl_18" custom="readingOrder {index:17;}">
                <Coords points="1309,1210 2304,1225 2304,1173 2096,1158 1309,1171"/>
                <Baseline points="1322,1203 1367,1200 1412,1200 1456,1200 1501,1203 1546,1203 1591,1203 1636,1203 1680,1203 1725,1206 1770,1206 1815,1206 1859,1206 1904,1206 1949,1206 1994,1206 2039,1209 2083,1209 2128,1209 2173,1209 2218,1209 2263,1209 2307,1212 2310,1212"/>
                <Word id="r_54_tl_18_w1" custom="readingOrder {index:0;}">
                    <Coords points="1315,1161 1315,1221 1375,1221 1375,1161"/>
                    <TextEquiv>
                        <Unicode>und</Unicode>
                    </TextEquiv>
                </Word>
                <Word id="r_54_tl_18_w2" custom="readingOrder {index:1;}">
                    <Coords points="1409,1160 1409,1220 1447,1220 1447,1160"/>
                    <TextEquiv>
                        <Unicode>ist</Unicode>
                    </TextEquiv>
                </Word>
                <Word id="r_54_tl_18_w3" custom="readingOrder {index:2;}">
                    <Coords points="1470,1163 1470,1223 1675,1223 1675,1163"/>
                    <TextEquiv>
                        <Unicode>vermuthlich</Unicode>
                    </TextEquiv>
                </Word>
                <Word id="r_54_tl_18_w4" custom="readingOrder {index:3;}">
                    <Coords points="1709,1166 1709,1226 1769,1226 1769,1166"/>
                    <TextEquiv>
                        <Unicode>aus</Unicode>
                    </TextEquiv>
                </Word>
                <Word id="r_54_tl_18_w5" custom="readingOrder {index:4;}">
                    <Coords points="1797,1166 1797,1226 1847,1226 1847,1166"/>
                    <TextEquiv>
                        <Unicode>der</Unicode>
                    </TextEquiv>
                </Word>
                <Word id="r_54_tl_18_w6" custom="readingOrder {index:5;}">
                    <Coords points="1870,1166 1870,1226 1974,1226 1974,1166"/>
                    <TextEquiv>
                        <Unicode>Sekte</Unicode>
                    </TextEquiv>
                </Word>
                <Word id="r_54_tl_18_w7" custom="readingOrder {index:6;}">
                    <Coords points="2003,1168 2003,1228 2052,1228 2052,1168"/>
                    <TextEquiv>
                        <Unicode>der</Unicode>
                    </TextEquiv>
                </Word>
                <Word id="r_54_tl_18_w8" custom="readingOrder {index:7;}">
                    <Coords points="2075,1169 2075,1229 2301,1229 2301,1169"/>
                    <TextEquiv>
                        <Unicode>Herrnhuther</Unicode>
                    </TextEquiv>
                </Word>
                <TextEquiv>
                    <Unicode>und ist vermuthlich aus der Sekte der Herrnhuther</Unicode>
                </TextEquiv>
            </TextLine>
            <TextLine id="r_54_tl_19" custom="readingOrder {index:18;}">
                <Coords points="1314,1260 2307,1272 2307,1228 2250,1220 1314,1213"/>
                <Baseline points="1328,1250 1373,1250 1418,1250 1462,1250 1507,1253 1552,1250 1597,1253 1642,1253 1686,1253 1731,1253 1776,1253 1821,1256 1865,1253 1910,1256 1955,1256 2000,1256 2045,1256 2089,1256 2134,1259 2179,1256 2224,1256 2269,1256 2313,1259"/>
                <Word id="r_54_tl_19_w1" custom="readingOrder {index:0;}">
                    <Coords points="1314,1210 1314,1270 1519,1270 1519,1210"/>
                    <TextEquiv>
                        <Unicode>entstanden.</Unicode>
                    </TextEquiv>
                </Word>
                <Word id="r_54_tl_19_w2" custom="readingOrder {index:1;}">
                    <Coords points="1569,1213 1569,1273 1692,1273 1692,1213"/>
                    <TextEquiv>
                        <Unicode>Vorige</Unicode>
                    </TextEquiv>
                </Word>
                <Word id="r_54_tl_19_w3" custom="readingOrder {index:2;}">
                    <Coords points="1721,1213 1721,1273 1839,1273 1839,1213"/>
                    <TextEquiv>
                        <Unicode>Woche</Unicode>
                    </TextEquiv>
                </Word>
                <Word id="r_54_tl_19_w4" custom="readingOrder {index:3;}">
                    <Coords points="1866,1215 1866,1275 1926,1275 1926,1215"/>
                    <TextEquiv>
                        <Unicode>hat</Unicode>
                    </TextEquiv>
                </Word>
                <Word id="r_54_tl_19_w5" custom="readingOrder {index:4;}">
                    <Coords points="1953,1216 1953,1276 1996,1276 1996,1216"/>
                    <TextEquiv>
                        <Unicode>ein</Unicode>
                    </TextEquiv>
                </Word>
                <Word id="r_54_tl_19_w6" custom="readingOrder {index:5;}">
                    <Coords points="2029,1216 2029,1276 2099,1276 2099,1216"/>
                    <TextEquiv>
                        <Unicode>nach</Unicode>
                    </TextEquiv>
                </Word>
                <Word id="r_54_tl_19_w7" custom="readingOrder {index:6;}">
                    <Coords points="2132,1216 2132,1276 2294,1276 2294,1216"/>
                    <TextEquiv>
                        <Unicode>Ostindien</Unicode>
                    </TextEquiv>
                </Word>
                <TextEquiv>
                    <Unicode>entstanden. Vorige Woche hat ein nach Ostindien</Unicode>
                </TextEquiv>
            </TextLine>
            <TextLine id="r_54_tl_20" custom="readingOrder {index:19;}">
                <Coords points="1309,1322 2309,1312 2292,1267 1309,1255"/>
                <Baseline points="1322,1298 1367,1301 1412,1301 1456,1301 1501,1301 1546,1301 1591,1301 1636,1301 1680,1301 1725,1304 1770,1301 1815,1304 1859,1304 1904,1304 1949,1304 1994,1304 2039,1304 2083,1307 2128,1307 2173,1307 2218,1307 2263,1307 2307,1301 2316,1304"/>
                <Word id="r_54_tl_20_w1" custom="readingOrder {index:0;}">
                    <Coords points="1315,1261 1315,1321 1513,1321 1513,1261"/>
                    <TextEquiv>
                        <Unicode>handlender</Unicode>
                    </TextEquiv>
                </Word>
                <Word id="r_54_tl_20_w2" custom="readingOrder {index:1;}">
                    <Coords points="1536,1261 1536,1321 1722,1321 1722,1261"/>
                    <TextEquiv>
                        <Unicode>Kaufmann</Unicode>
                    </TextEquiv>
                </Word>
                <Word id="r_54_tl_20_w3" custom="readingOrder {index:2;}">
                    <Coords points="1751,1262 1751,1322 1825,1322 1825,1262"/>
                    <TextEquiv>
                        <Unicode>Sr.</Unicode>
                    </TextEquiv>
                </Word>
                <Word id="r_54_tl_20_w4" custom="readingOrder {index:3;}">
                    <Coords points="1848,1264 1848,1324 1983,1324 1983,1264"/>
                    <TextEquiv>
                        <Unicode>Königl.</Unicode>
                    </TextEquiv>
                </Word>
                <Word id="r_54_tl_20_w5" custom="readingOrder {index:4;}">
                    <Coords points="2001,1265 2001,1325 2125,1325 2125,1265"/>
                    <TextEquiv>
                        <Unicode>Hoheit</Unicode>
                    </TextEquiv>
                </Word>
                <Word id="r_54_tl_20_w6" custom="readingOrder {index:5;}">
                    <Coords points="2148,1267 2148,1327 2193,1327 2193,1267"/>
                    <TextEquiv>
                        <Unicode>dem</Unicode>
                    </TextEquiv>
                </Word>
                <Word id="r_54_tl_20_w7" custom="readingOrder {index:6;}">
                    <Coords points="2227,1266 2227,1326 2311,1326 2311,1266"/>
                    <TextEquiv>
                        <Unicode>Her=</Unicode>
                    </TextEquiv>
                </Word>
                <TextEquiv>
                    <Unicode>handlender Kaufmann Sr. Königl. Hoheit dem Her=</Unicode>
                </TextEquiv>
            </TextLine>
            <TextLine id="r_54_tl_21" custom="readingOrder {index:20;}">
                <Coords points="1314,1366 2304,1371 2304,1314 1314,1319"/>
                <Baseline points="1328,1352 1373,1349 1418,1349 1462,1349 1507,1349 1552,1352 1597,1352 1642,1352 1686,1352 1731,1349 1776,1352 1821,1352 1865,1352 1910,1355 1955,1352 2000,1355 2045,1355 2089,1355 2134,1355 2179,1355 2224,1358 2269,1355 2310,1352"/>
                <Word id="r_54_tl_21_w1" custom="readingOrder {index:0;}">
                    <Coords points="1315,1310 1315,1370 1382,1370 1382,1310"/>
                    <TextEquiv>
                        <Unicode>zoge</Unicode>
                    </TextEquiv>
                </Word>
                <Word id="r_54_tl_21_w2" custom="readingOrder {index:1;}">
                    <Coords points="1406,1309 1406,1369 1462,1369 1462,1309"/>
                    <TextEquiv>
                        <Unicode>von</Unicode>
                    </TextEquiv>
                </Word>
                <Word id="r_54_tl_21_w3" custom="readingOrder {index:2;}">
                    <Coords points="1491,1312 1491,1372 1706,1372 1706,1312"/>
                    <TextEquiv>
                        <Unicode>Cumberland</Unicode>
                    </TextEquiv>
                </Word>
                <Word id="r_54_tl_21_w4" custom="readingOrder {index:3;}">
                    <Coords points="1729,1310 1729,1370 1768,1370 1768,1310"/>
                    <TextEquiv>
                        <Unicode>ein</Unicode>
                    </TextEquiv>
                </Word>
                <Word id="r_54_tl_21_w5" custom="readingOrder {index:4;}">
                    <Coords points="1797,1312 1797,1372 1938,1372 1938,1312"/>
                    <TextEquiv>
                        <Unicode>Präsent</Unicode>
                    </TextEquiv>
                </Word>
                <Word id="r_54_tl_21_w6" custom="readingOrder {index:5;}">
                    <Coords points="1967,1314 1967,1374 2018,1374 2018,1314"/>
                    <TextEquiv>
                        <Unicode>von</Unicode>
                    </TextEquiv>
                </Word>
                <Word id="r_54_tl_21_w7" custom="readingOrder {index:6;}">
                    <Coords points="2058,1315 2058,1375 2143,1375 2143,1315"/>
                    <TextEquiv>
                        <Unicode>einer</Unicode>
                    </TextEquiv>
                </Word>
                <Word id="r_54_tl_21_w8" custom="readingOrder {index:7;}">
                    <Coords points="2172,1317 2172,1377 2284,1377 2284,1317"/>
                    <TextEquiv>
                        <Unicode>Schild</Unicode>
                    </TextEquiv>
                </Word>
                <TextEquiv>
                    <Unicode>zoge von Cumberland ein Präsent von einer Schild</Unicode>
                </TextEquiv>
            </TextLine>
            <TextLine id="r_54_tl_22" custom="readingOrder {index:21;}">
                <Coords points="1317,1411 2307,1416 2275,1364 1317,1364"/>
                <Baseline points="1331,1397 1376,1400 1421,1400 1465,1400 1510,1400 1555,1400 1600,1400 1645,1403 1689,1403 1734,1400 1779,1400 1824,1400 1868,1400 1913,1403 1958,1403 2003,1403 2048,1406 2092,1403 2137,1403 2182,1403 2227,1403 2271,1406 2313,1403"/>
                <Word id="r_54_tl_22_w1" custom="readingOrder {index:0;}">
                    <Coords points="1312,1358 1312,1418 1395,1418 1395,1358"/>
                    <TextEquiv>
                        <Unicode>kröte</Unicode>
                    </TextEquiv>
                </Word>
                <Word id="r_54_tl_22_w2" custom="readingOrder {index:1;}">
                    <Coords points="1418,1360 1418,1420 1573,1420 1573,1360"/>
                    <TextEquiv>
                        <Unicode>gemacht,</Unicode>
                    </TextEquiv>
                </Word>
                <Word id="r_54_tl_22_w3" custom="readingOrder {index:2;}">
                    <Coords points="1596,1361 1596,1421 1646,1421 1646,1361"/>
                    <TextEquiv>
                        <Unicode>die</Unicode>
                    </TextEquiv>
                </Word>
                <Word id="r_54_tl_22_w4" custom="readingOrder {index:3;}">
                    <Coords points="1669,1362 1669,1422 1730,1422 1730,1362"/>
                    <TextEquiv>
                        <Unicode>250</Unicode>
                    </TextEquiv>
                </Word>
                <Word id="r_54_tl_22_w5" custom="readingOrder {index:4;}">
                    <Coords points="1758,1360 1758,1420 1869,1420 1869,1360"/>
                    <TextEquiv>
                        <Unicode>Pfund</Unicode>
                    </TextEquiv>
                </Word>
                <Word id="r_54_tl_22_w6" custom="readingOrder {index:5;}">
                    <Coords points="1892,1363 1892,1423 1981,1423 1981,1363"/>
                    <TextEquiv>
                        <Unicode>wog.</Unicode>
                    </TextEquiv>
                </Word>
                <Word id="r_54_tl_22_w7" custom="readingOrder {index:6;}">
                    <Coords points="2032,1365 2032,1425 2075,1425 2075,1365"/>
                    <TextEquiv>
                        <Unicode>Am</Unicode>
                    </TextEquiv>
                </Word>
                <Word id="r_54_tl_22_w8" custom="readingOrder {index:7;}">
                    <Coords points="2115,1363 2115,1423 2182,1423 2182,1363"/>
                    <TextEquiv>
                        <Unicode>5ten</Unicode>
                    </TextEquiv>
                </Word>
                <Word id="r_54_tl_22_w9" custom="readingOrder {index:8;}">
                    <Coords points="2210,1365 2210,1425 2304,1425 2304,1365"/>
                    <TextEquiv>
                        <Unicode>dieses</Unicode>
                    </TextEquiv>
                </Word>
                <TextEquiv>
                    <Unicode>kröte gemacht, die 250 Pfund wog. Am 5ten dieses</Unicode>
                </TextEquiv>
            </TextLine>
            <TextLine id="r_54_tl_23" custom="readingOrder {index:22;}">
                <Coords points="1317,1463 2304,1458 2287,1411 1317,1411"/>
                <Baseline points="1331,1447 1376,1447 1421,1447 1465,1447 1510,1447 1555,1447 1600,1450 1645,1450 1689,1447 1734,1447 1779,1447 1824,1450 1868,1447 1913,1450 1958,1453 2003,1453 2048,1450 2092,1450 2137,1450 2182,1450 2227,1453 2271,1453 2310,1450"/>
                <Word id="r_54_tl_23_w1" custom="readingOrder {index:0;}">
                    <Coords points="1318,1407 1318,1467 1377,1467 1377,1407"/>
                    <TextEquiv>
                        <Unicode>sind</Unicode>
                    </TextEquiv>
                </Word>
                <Word id="r_54_tl_23_w2" custom="readingOrder {index:1;}">
                    <Coords points="1407,1407 1407,1467 1478,1467 1478,1407"/>
                    <TextEquiv>
                        <Unicode>Se.</Unicode>
                    </TextEquiv>
                </Word>
                <Word id="r_54_tl_23_w3" custom="readingOrder {index:2;}">
                    <Coords points="1496,1407 1496,1467 1637,1467 1637,1407"/>
                    <TextEquiv>
                        <Unicode>Durchl.</Unicode>
                    </TextEquiv>
                </Word>
                <Word id="r_54_tl_23_w4" custom="readingOrder {index:3;}">
                    <Coords points="1662,1407 1662,1467 1709,1467 1709,1407"/>
                    <TextEquiv>
                        <Unicode>der</Unicode>
                    </TextEquiv>
                </Word>
                <Word id="r_54_tl_23_w5" custom="readingOrder {index:4;}">
                    <Coords points="1733,1407 1733,1467 1839,1467 1839,1407"/>
                    <TextEquiv>
                        <Unicode>Prinz</Unicode>
                    </TextEquiv>
                </Word>
                <Word id="r_54_tl_23_w6" custom="readingOrder {index:5;}">
                    <Coords points="1857,1410 1857,1470 1969,1470 1969,1410"/>
                    <TextEquiv>
                        <Unicode>Georg</Unicode>
                    </TextEquiv>
                </Word>
                <Word id="r_54_tl_23_w7" custom="readingOrder {index:6;}">
                    <Coords points="1988,1410 1988,1470 2111,1470 2111,1410"/>
                    <TextEquiv>
                        <Unicode>August</Unicode>
                    </TextEquiv>
                </Word>
                <Word id="r_54_tl_23_w8" custom="readingOrder {index:7;}">
                    <Coords points="2124,1410 2124,1470 2177,1470 2177,1410"/>
                    <TextEquiv>
                        <Unicode>von</Unicode>
                    </TextEquiv>
                </Word>
                <Word id="r_54_tl_23_w9" custom="readingOrder {index:8;}">
                    <Coords points="2201,1413 2201,1473 2307,1473 2307,1413"/>
                    <TextEquiv>
                        <Unicode>Meck¬</Unicode>
                    </TextEquiv>
                </Word>
                <TextEquiv>
                    <Unicode>sind Se. Durchl. der Prinz Georg August von Meck¬</Unicode>
                </TextEquiv>
            </TextLine>
            <TextLine id="r_54_tl_24" custom="readingOrder {index:23;}">
                <Coords points="1312,1505 2304,1512 2304,1465 2230,1460 1312,1463"/>
                <Baseline points="1325,1495 1370,1495 1415,1495 1459,1495 1504,1495 1549,1498 1594,1498 1639,1498 1683,1498 1728,1495 1773,1495 1818,1495 1862,1495 1907,1498 1952,1498 1997,1498 2042,1498 2086,1498 2131,1498 2176,1498 2221,1498 2266,1498 2310,1501 2313,1498"/>
                <Word id="r_54_tl_24_w1" custom="readingOrder {index:0;}">
                    <Coords points="1318,1455 1318,1515 1638,1515 1638,1455"/>
                    <TextEquiv>
                        <Unicode>lenburg=Strelitz,</Unicode>
                    </TextEquiv>
                </Word>
                <Word id="r_54_tl_24_w2" custom="readingOrder {index:1;}">
                    <Coords points="1661,1455 1661,1515 1799,1515 1799,1455"/>
                    <TextEquiv>
                        <Unicode>jüngster</Unicode>
                    </TextEquiv>
                </Word>
                <Word id="r_54_tl_24_w3" custom="readingOrder {index:2;}">
                    <Coords points="1827,1457 1827,1517 1964,1517 1964,1457"/>
                    <TextEquiv>
                        <Unicode>Bruder</Unicode>
                    </TextEquiv>
                </Word>
                <Word id="r_54_tl_24_w4" custom="readingOrder {index:3;}">
                    <Coords points="1998,1458 1998,1518 2053,1518 2053,1458"/>
                    <TextEquiv>
                        <Unicode>von</Unicode>
                    </TextEquiv>
                </Word>
                <Word id="r_54_tl_24_w5" custom="readingOrder {index:4;}">
                    <Coords points="2087,1458 2087,1518 2175,1518 2175,1458"/>
                    <TextEquiv>
                        <Unicode>Ihro</Unicode>
                    </TextEquiv>
                </Word>
                <Word id="r_54_tl_24_w6" custom="readingOrder {index:5;}">
                    <Coords points="2208,1458 2208,1518 2307,1518 2307,1458"/>
                    <TextEquiv>
                        <Unicode>Maj.</Unicode>
                    </TextEquiv>
                </Word>
                <TextEquiv>
                    <Unicode>lenburg=Strelitz, jüngster Bruder von Ihro Maj.</Unicode>
                </TextEquiv>
            </TextLine>
            <TextLine id="r_54_tl_25" custom="readingOrder {index:24;}">
                <Coords points="1312,1549 2307,1557 2307,1512 2220,1507 1312,1505"/>
                <Baseline points="1325,1540 1370,1540 1415,1543 1459,1543 1504,1543 1549,1543 1594,1543 1639,1543 1683,1543 1728,1543 1773,1543 1818,1543 1862,1546 1907,1546 1952,1546 1997,1543 2042,1546 2086,1546 2131,1546 2176,1546 2221,1546 2266,1546 2310,1546 2313,1546"/>
                <Word id="r_54_tl_25_w1" custom="readingOrder {index:0;}">
                    <Coords points="1318,1500 1318,1560 1371,1560 1371,1500"/>
                    <TextEquiv>
                        <Unicode>der</Unicode>
                    </TextEquiv>
                </Word>
                <Word id="r_54_tl_25_w2" custom="readingOrder {index:1;}">
                    <Coords points="1393,1503 1393,1563 1554,1563 1554,1503"/>
                    <TextEquiv>
                        <Unicode>Königin,</Unicode>
                    </TextEquiv>
                </Word>
                <Word id="r_54_tl_25_w3" custom="readingOrder {index:2;}">
                    <Coords points="1571,1503 1571,1563 1625,1563 1625,1503"/>
                    <TextEquiv>
                        <Unicode>von</Unicode>
                    </TextEquiv>
                </Word>
                <Word id="r_54_tl_25_w4" custom="readingOrder {index:3;}">
                    <Coords points="1658,1503 1658,1563 1705,1563 1705,1503"/>
                    <TextEquiv>
                        <Unicode>der</Unicode>
                    </TextEquiv>
                </Word>
                <Word id="r_54_tl_25_w5" custom="readingOrder {index:4;}">
                    <Coords points="1733,1503 1733,1563 1927,1563 1927,1503"/>
                    <TextEquiv>
                        <Unicode>Universität</Unicode>
                    </TextEquiv>
                </Word>
                <Word id="r_54_tl_25_w6" custom="readingOrder {index:5;}">
                    <Coords points="1954,1504 1954,1564 1981,1564 1981,1504"/>
                    <TextEquiv>
                        <Unicode>zu</Unicode>
                    </TextEquiv>
                </Word>
                <Word id="r_54_tl_25_w7" custom="readingOrder {index:6;}">
                    <Coords points="2014,1506 2014,1566 2207,1566 2207,1506"/>
                    <TextEquiv>
                        <Unicode>Cambridge</Unicode>
                    </TextEquiv>
                </Word>
                <Word id="r_54_tl_25_w8" custom="readingOrder {index:7;}">
                    <Coords points="2230,1506 2230,1566 2283,1566 2283,1506"/>
                    <TextEquiv>
                        <Unicode>zum</Unicode>
                    </TextEquiv>
                </Word>
                <TextEquiv>
                    <Unicode>der Königin, von der Universität zu Cambridge zum</Unicode>
                </TextEquiv>
            </TextLine>
            <TextLine id="r_54_tl_26" custom="readingOrder {index:25;}">
                <Coords points="1317,1604 2312,1609 2292,1554 1314,1549"/>
                <Baseline points="1328,1591 1373,1588 1418,1588 1462,1588 1507,1591 1552,1591 1597,1591 1642,1588 1686,1591 1731,1591 1776,1591 1821,1594 1865,1591 1910,1594 1955,1594 2000,1594 2045,1594 2089,1594 2134,1597 2179,1594 2224,1594 2269,1597 2313,1597 2319,1597"/>
                <Word id="r_54_tl_26_w1" custom="readingOrder {index:0;}">
                    <Coords points="1320,1548 1320,1608 1441,1608 1441,1548"/>
                    <TextEquiv>
                        <Unicode>Doctor</Unicode>
                    </TextEquiv>
                </Word>
                <Word id="r_54_tl_26_w2" custom="readingOrder {index:1;}">
                    <Coords points="1469,1551 1469,1611 1579,1611 1579,1551"/>
                    <TextEquiv>
                        <Unicode>creiret</Unicode>
                    </TextEquiv>
                </Word>
                <Word id="r_54_tl_26_w3" custom="readingOrder {index:2;}">
                    <Coords points="1597,1549 1597,1609 1745,1609 1745,1549"/>
                    <TextEquiv>
                        <Unicode>worden.</Unicode>
                    </TextEquiv>
                </Word>
                <Word id="r_54_tl_26_w4" custom="readingOrder {index:3;}">
                    <Coords points="1790,1553 1790,1613 1850,1613 1850,1553"/>
                    <TextEquiv>
                        <Unicode>Als</Unicode>
                    </TextEquiv>
                </Word>
                <Word id="r_54_tl_26_w5" custom="readingOrder {index:4;}">
                    <Coords points="1879,1554 1879,1614 1950,1614 1950,1554"/>
                    <TextEquiv>
                        <Unicode>eine</Unicode>
                    </TextEquiv>
                </Word>
                <Word id="r_54_tl_26_w6" custom="readingOrder {index:5;}">
                    <Coords points="1972,1554 1972,1614 2066,1614 2066,1554"/>
                    <TextEquiv>
                        <Unicode>große</Unicode>
                    </TextEquiv>
                </Word>
                <Word id="r_54_tl_26_w7" custom="readingOrder {index:6;}">
                    <Coords points="2089,1554 2089,1614 2298,1614 2298,1554"/>
                    <TextEquiv>
                        <Unicode>physicalischo</Unicode>
                    </TextEquiv>
                </Word>
                <TextEquiv>
                    <Unicode>Doctor creiret worden. Als eine große physicalischo</Unicode>
                </TextEquiv>
            </TextLine>
            <TextLine id="r_54_tl_27" custom="readingOrder {index:26;}">
                <Coords points="1312,1643 2312,1656 2312,1609 2235,1601 1312,1606"/>
                <Baseline points="1325,1636 1370,1636 1415,1636 1459,1636 1504,1636 1549,1636 1594,1636 1639,1636 1683,1636 1728,1636 1773,1636 1818,1636 1862,1636 1907,1639 1952,1642 1997,1639 2042,1642 2086,1642 2131,1642 2176,1642 2221,1642 2266,1642 2310,1639 2319,1639"/>
                <Word id="r_54_tl_27_w1" custom="readingOrder {index:0;}">
                    <Coords points="1317,1596 1317,1656 1512,1656 1512,1596"/>
                    <TextEquiv>
                        <Unicode>Seltenheit</Unicode>
                    </TextEquiv>
                </Word>
                <Word id="r_54_tl_27_w2" custom="readingOrder {index:1;}">
                    <Coords points="1533,1596 1533,1656 1694,1656 1694,1596"/>
                    <TextEquiv>
                        <Unicode>verdienet</Unicode>
                    </TextEquiv>
                </Word>
                <Word id="r_54_tl_27_w3" custom="readingOrder {index:2;}">
                    <Coords points="1715,1596 1715,1656 1902,1656 1902,1596"/>
                    <TextEquiv>
                        <Unicode>angemerkt</Unicode>
                    </TextEquiv>
                </Word>
                <Word id="r_54_tl_27_w4" custom="readingOrder {index:3;}">
                    <Coords points="1927,1601 1927,1661 1957,1661 1957,1601"/>
                    <TextEquiv>
                        <Unicode>zu</Unicode>
                    </TextEquiv>
                </Word>
                <Word id="r_54_tl_27_w5" custom="readingOrder {index:4;}">
                    <Coords points="1993,1602 1993,1662 2139,1662 2139,1602"/>
                    <TextEquiv>
                        <Unicode>werden,</Unicode>
                    </TextEquiv>
                </Word>
                <Word id="r_54_tl_27_w6" custom="readingOrder {index:5;}">
                    <Coords points="2180,1602 2180,1662 2230,1662 2230,1602"/>
                    <TextEquiv>
                        <Unicode>daß</Unicode>
                    </TextEquiv>
                </Word>
                <Word id="r_54_tl_27_w7" custom="readingOrder {index:6;}">
                    <Coords points="2260,1600 2260,1660 2305,1660 2305,1600"/>
                    <TextEquiv>
                        <Unicode>die</Unicode>
                    </TextEquiv>
                </Word>
                <TextEquiv>
                    <Unicode>Seltenheit verdienet angemerkt zu werden, daß die</Unicode>
                </TextEquiv>
            </TextLine>
            <TextLine id="r_54_tl_28" custom="readingOrder {index:27;}">
                <Coords points="1324,1698 2312,1693 2312,1656 2260,1653 1324,1646"/>
                <Baseline points="1337,1677 1382,1680 1427,1680 1471,1677 1516,1677 1561,1680 1606,1680 1650,1680 1695,1680 1740,1680 1785,1680 1830,1677 1874,1680 1919,1680 1964,1680 2009,1680 2054,1680 2098,1683 2143,1683 2188,1683 2233,1683 2277,1680 2319,1677"/>
                <Word id="r_54_tl_28_w1" custom="readingOrder {index:0;}">
                    <Coords points="1324,1638 1324,1698 1401,1698 1401,1638"/>
                    <TextEquiv>
                        <Unicode>Frau</Unicode>
                    </TextEquiv>
                </Word>
                <Word id="r_54_tl_28_w2" custom="readingOrder {index:1;}">
                    <Coords points="1427,1638 1427,1698 1473,1698 1473,1638"/>
                    <TextEquiv>
                        <Unicode>des</Unicode>
                    </TextEquiv>
                </Word>
                <Word id="r_54_tl_28_w3" custom="readingOrder {index:2;}">
                    <Coords points="1505,1639 1505,1699 1592,1699 1592,1639"/>
                    <TextEquiv>
                        <Unicode>Hrn.</Unicode>
                    </TextEquiv>
                </Word>
                <Word id="r_54_tl_28_w4" custom="readingOrder {index:3;}">
                    <Coords points="1608,1640 1608,1700 1695,1700 1695,1640"/>
                    <TextEquiv>
                        <Unicode>King</Unicode>
                    </TextEquiv>
                </Word>
                <Word id="r_54_tl_28_w5" custom="readingOrder {index:4;}">
                    <Coords points="1716,1640 1716,1700 1747,1700 1747,1640"/>
                    <TextEquiv>
                        <Unicode>zu</Unicode>
                    </TextEquiv>
                </Word>
                <Word id="r_54_tl_28_w6" custom="readingOrder {index:5;}">
                    <Coords points="1773,1638 1773,1698 1922,1698 1922,1638"/>
                    <TextEquiv>
                        <Unicode>Chertsey</Unicode>
                    </TextEquiv>
                </Word>
                <Word id="r_54_tl_28_w7" custom="readingOrder {index:6;}">
                    <Coords points="1949,1640 1949,1700 1974,1700 1974,1640"/>
                    <TextEquiv>
                        <Unicode>in</Unicode>
                    </TextEquiv>
                </Word>
                <Word id="r_54_tl_28_w8" custom="readingOrder {index:7;}">
                    <Coords points="2011,1641 2011,1701 2145,1701 2145,1641"/>
                    <TextEquiv>
                        <Unicode>Surry,</Unicode>
                    </TextEquiv>
                </Word>
                <Word id="r_54_tl_28_w9" custom="readingOrder {index:8;}">
                    <Coords points="2176,1643 2176,1703 2207,1703 2207,1643"/>
                    <TextEquiv>
                        <Unicode>am</Unicode>
                    </TextEquiv>
                </Word>
                <Word id="r_54_tl_28_w10" custom="readingOrder {index:9;}">
                    <Coords points="2254,1639 2254,1699 2305,1699 2305,1639"/>
                    <TextEquiv>
                        <Unicode>vo¬</Unicode>
                    </TextEquiv>
                </Word>
                <TextEquiv>
                    <Unicode>Frau des Hrn. King zu Chertsey in Surry, am vo¬</Unicode>
                </TextEquiv>
            </TextLine>
            <TextLine id="r_54_tl_29" custom="readingOrder {index:28;}">
                <Coords points="1319,1730 2312,1737 2312,1693 2277,1690 1319,1695"/>
                <Baseline points="1334,1722 1379,1719 1424,1722 1468,1719 1513,1719 1558,1719 1603,1719 1648,1719 1692,1719 1737,1719 1782,1719 1827,1722 1871,1722 1916,1725 1961,1725 2006,1725 2051,1725 2095,1725 2140,1725 2185,1725 2230,1728 2274,1725 2319,1728"/>
                <Word id="r_54_tl_29_w1" custom="readingOrder {index:0;}">
                    <Coords points="1318,1680 1318,1740 1406,1740 1406,1680"/>
                    <TextEquiv>
                        <Unicode>rigen</Unicode>
                    </TextEquiv>
                </Word>
                <Word id="r_54_tl_29_w2" custom="readingOrder {index:1;}">
                    <Coords points="1436,1679 1436,1739 1588,1739 1588,1679"/>
                    <TextEquiv>
                        <Unicode>Freytage</Unicode>
                    </TextEquiv>
                </Word>
                <Word id="r_54_tl_29_w3" custom="readingOrder {index:2;}">
                    <Coords points="1613,1679 1613,1739 1637,1739 1637,1679"/>
                    <TextEquiv>
                        <Unicode>in</Unicode>
                    </TextEquiv>
                </Word>
                <Word id="r_54_tl_29_w4" custom="readingOrder {index:3;}">
                    <Coords points="1667,1679 1667,1739 1750,1739 1750,1679"/>
                    <TextEquiv>
                        <Unicode>ihrem</Unicode>
                    </TextEquiv>
                </Word>
                <Word id="r_54_tl_29_w5" custom="readingOrder {index:4;}">
                    <Coords points="1790,1682 1790,1742 1893,1742 1893,1682"/>
                    <TextEquiv>
                        <Unicode>62sten</Unicode>
                    </TextEquiv>
                </Word>
                <Word id="r_54_tl_29_w6" custom="readingOrder {index:5;}">
                    <Coords points="1923,1685 1923,1745 2016,1745 2016,1685"/>
                    <TextEquiv>
                        <Unicode>Jahr</Unicode>
                    </TextEquiv>
                </Word>
                <Word id="r_54_tl_29_w7" custom="readingOrder {index:6;}">
                    <Coords points="2041,1685 2041,1745 2094,1745 2094,1685"/>
                    <TextEquiv>
                        <Unicode>von</Unicode>
                    </TextEquiv>
                </Word>
                <Word id="r_54_tl_29_w8" custom="readingOrder {index:7;}">
                    <Coords points="2130,1685 2130,1745 2212,1745 2212,1685"/>
                    <TextEquiv>
                        <Unicode>einem</Unicode>
                    </TextEquiv>
                </Word>
                <Word id="r_54_tl_29_w9" custom="readingOrder {index:8;}">
                    <Coords points="2262,1685 2262,1745 2310,1745 2310,1685"/>
                    <TextEquiv>
                        <Unicode>ge¬</Unicode>
                    </TextEquiv>
                </Word>
                <TextEquiv>
                    <Unicode>rigen Freytage in ihrem 62sten Jahr von einem ge¬</Unicode>
                </TextEquiv>
            </TextLine>
            <TextLine id="r_54_tl_30" custom="readingOrder {index:29;}">
                <Coords points="1319,1777 2312,1792 2309,1737 1317,1732"/>
                <Baseline points="1334,1764 1379,1761 1424,1761 1468,1761 1513,1761 1558,1761 1603,1761 1648,1761 1692,1764 1737,1764 1782,1764 1827,1764 1871,1767 1916,1767 1961,1770 2006,1770 2051,1770 2095,1770 2140,1770 2185,1773 2230,1773 2274,1776 2319,1776 2322,1773"/>
                <Word id="r_54_tl_30_w1" custom="readingOrder {index:0;}">
                    <Coords points="1321,1721 1321,1781 1433,1781 1433,1721"/>
                    <TextEquiv>
                        <Unicode>sunden</Unicode>
                    </TextEquiv>
                </Word>
                <Word id="r_54_tl_30_w2" custom="readingOrder {index:1;}">
                    <Coords points="1468,1721 1468,1781 1600,1781 1600,1721"/>
                    <TextEquiv>
                        <Unicode>Knaben</Unicode>
                    </TextEquiv>
                </Word>
                <Word id="r_54_tl_30_w3" custom="readingOrder {index:2;}">
                    <Coords points="1635,1724 1635,1784 1811,1784 1811,1724"/>
                    <TextEquiv>
                        <Unicode>entbunden</Unicode>
                    </TextEquiv>
                </Word>
                <Word id="r_54_tl_30_w4" custom="readingOrder {index:3;}">
                    <Coords points="1846,1727 1846,1787 1987,1787 1987,1727"/>
                    <TextEquiv>
                        <Unicode>worden.</Unicode>
                    </TextEquiv>
                </Word>
                <Word id="r_54_tl_30_w5" custom="readingOrder {index:4;}">
                    <Coords points="2037,1730 2037,1790 2110,1790 2110,1730"/>
                    <TextEquiv>
                        <Unicode>Der</Unicode>
                    </TextEquiv>
                </Word>
                <Word id="r_54_tl_30_w6" custom="readingOrder {index:5;}">
                    <Coords points="2140,1733 2140,1793 2242,1793 2242,1733"/>
                    <TextEquiv>
                        <Unicode>Vater</Unicode>
                    </TextEquiv>
                </Word>
                <Word id="r_54_tl_30_w7" custom="readingOrder {index:6;}">
                    <Coords points="2268,1736 2268,1796 2306,1796 2306,1736"/>
                    <TextEquiv>
                        <Unicode>ist</Unicode>
                    </TextEquiv>
                </Word>
                <TextEquiv>
                    <Unicode>sunden Knaben entbunden worden. Der Vater ist</Unicode>
                </TextEquiv>
            </TextLine>
            <TextLine id="r_54_tl_31" custom="readingOrder {index:30;}">
                <Coords points="1319,1822 2309,1859 2279,1782 1319,1775"/>
                <Baseline points="1334,1812 1379,1809 1424,1812 1468,1812 1513,1812 1558,1812 1603,1812 1648,1809 1692,1812 1737,1812 1782,1815 1827,1815 1871,1815 1916,1821 1961,1821 2006,1821 2051,1821 2095,1824 2140,1824 2185,1824 2230,1824 2274,1827 2316,1830"/>
                <Word id="r_54_tl_31_w1" custom="readingOrder {index:0;}">
                    <Coords points="1323,1770 1323,1830 1386,1830 1386,1770"/>
                    <TextEquiv>
                        <Unicode>fast</Unicode>
                    </TextEquiv>
                </Word>
                <Word id="r_54_tl_31_w2" custom="readingOrder {index:1;}">
                    <Coords points="1401,1771 1401,1831 1443,1831 1443,1771"/>
                    <TextEquiv>
                        <Unicode>72</Unicode>
                    </TextEquiv>
                </Word>
                <Word id="r_54_tl_31_w3" custom="readingOrder {index:2;}">
                    <Coords points="1473,1772 1473,1832 1558,1832 1558,1772"/>
                    <TextEquiv>
                        <Unicode>Jahr</Unicode>
                    </TextEquiv>
                </Word>
                <Word id="r_54_tl_31_w4" custom="readingOrder {index:3;}">
                    <Coords points="1580,1771 1580,1831 1644,1831 1644,1771"/>
                    <TextEquiv>
                        <Unicode>alt,</Unicode>
                    </TextEquiv>
                </Word>
                <Word id="r_54_tl_31_w5" custom="readingOrder {index:4;}">
                    <Coords points="1666,1772 1666,1832 1723,1832 1723,1772"/>
                    <TextEquiv>
                        <Unicode>und</Unicode>
                    </TextEquiv>
                </Word>
                <Word id="r_54_tl_31_w6" custom="readingOrder {index:5;}">
                    <Coords points="1745,1773 1745,1833 1787,1833 1787,1773"/>
                    <TextEquiv>
                        <Unicode>sie</Unicode>
                    </TextEquiv>
                </Word>
                <Word id="r_54_tl_31_w7" custom="readingOrder {index:6;}">
                    <Coords points="1802,1775 1802,1835 1859,1835 1859,1775"/>
                    <TextEquiv>
                        <Unicode>hat</Unicode>
                    </TextEquiv>
                </Word>
                <Word id="r_54_tl_31_w8" custom="readingOrder {index:7;}">
                    <Coords points="1874,1778 1874,1838 1924,1838 1924,1778"/>
                    <TextEquiv>
                        <Unicode>seit</Unicode>
                    </TextEquiv>
                </Word>
                <Word id="r_54_tl_31_w9" custom="readingOrder {index:8;}">
                    <Coords points="1939,1781 1939,1841 1952,1841 1952,1781"/>
                    <TextEquiv>
                        <Unicode>3</Unicode>
                    </TextEquiv>
                </Word>
                <Word id="r_54_tl_31_w10" custom="readingOrder {index:9;}">
                    <Coords points="1974,1781 1974,1841 2095,1841 2095,1781"/>
                    <TextEquiv>
                        <Unicode>Jahren</Unicode>
                    </TextEquiv>
                </Word>
                <Word id="r_54_tl_31_w11" custom="readingOrder {index:10;}">
                    <Coords points="2118,1784 2118,1844 2195,1844 2195,1784"/>
                    <TextEquiv>
                        <Unicode>jedes</Unicode>
                    </TextEquiv>
                </Word>
                <Word id="r_54_tl_31_w12" custom="readingOrder {index:11;}">
                    <Coords points="2218,1786 2218,1846 2302,1846 2302,1786"/>
                    <TextEquiv>
                        <Unicode>Jahr</Unicode>
                    </TextEquiv>
                </Word>
                <TextEquiv>
                    <Unicode>fast 72 Jahr alt, und sie hat seit 3 Jahren jedes Jahr</Unicode>
                </TextEquiv>
            </TextLine>
            <TextEquiv>
                <Unicode></Unicode>
            </TextEquiv>
        </TextRegion>
        <TextRegion id="r_66" custom="readingOrder {index:2;}">
            <Coords points="2357,1885 2357,2401 1317,2401 1312,1885"/>
            <TextLine id="r_66_tl_1" custom="readingOrder {index:0;}">
                <Coords points="1611,1953 2012,1955 2012,1903 1611,1903"/>
                <Baseline points="1624,1940 1668,1940 1713,1937 1758,1940 1803,1940 1848,1940 1892,1940 1937,1937 1982,1940 2018,1940"/>
                <Word id="r_66_tl_1_w1" custom="readingOrder {index:0;}">
                    <Coords points="1622,1900 1622,1960 2009,1960 2009,1900"/>
                    <TextEquiv>
                        <Unicode>AVERTISSEMENT.</Unicode>
                    </TextEquiv>
                </Word>
                <TextEquiv>
                    <Unicode>AVERTISSEMENT.</Unicode>
                </TextEquiv>
            </TextLine>
            <TextLine id="r_66_tl_2" custom="readingOrder {index:1;}">
                <Coords points="1361,1997 2317,2017 2317,1958 2262,1950 1361,1935"/>
                <Baseline points="1376,1985 1421,1985 1465,1985 1510,1985 1555,1988 1600,1988 1645,1991 1689,1991 1734,1991 1779,1991 1824,1991 1868,1991 1913,1991 1958,1991 2003,1991 2048,1991 2092,1991 2137,1994 2182,1994 2227,1994 2271,1994 2316,1994 2322,1994"/>
                <Word id="r_66_tl_2_w1" custom="readingOrder {index:0;}">
                    <Coords points="1369,1945 1369,2005 1446,2005 1446,1945"/>
                    <TextEquiv>
                        <Unicode>Bey</Unicode>
                    </TextEquiv>
                </Word>
                <Word id="r_66_tl_2_w2" custom="readingOrder {index:1;}">
                    <Coords points="1477,1945 1477,2005 1530,2005 1530,1945"/>
                    <TextEquiv>
                        <Unicode>dem</Unicode>
                    </TextEquiv>
                </Word>
                <Word id="r_66_tl_2_w3" custom="readingOrder {index:2;}">
                    <Coords points="1573,1951 1573,2011 1729,2011 1729,1951"/>
                    <TextEquiv>
                        <Unicode>Verleger</Unicode>
                    </TextEquiv>
                </Word>
                <Word id="r_66_tl_2_w4" custom="readingOrder {index:3;}">
                    <Coords points="1760,1951 1760,2011 1856,2011 1856,1951"/>
                    <TextEquiv>
                        <Unicode>dieser</Unicode>
                    </TextEquiv>
                </Word>
                <Word id="r_66_tl_2_w5" custom="readingOrder {index:4;}">
                    <Coords points="1887,1951 1887,2011 2025,2011 2025,1951"/>
                    <TextEquiv>
                        <Unicode>Zeitung</Unicode>
                    </TextEquiv>
                </Word>
                <Word id="r_66_tl_2_w6" custom="readingOrder {index:5;}">
                    <Coords points="2055,1951 2055,2011 2091,2011 2091,1951"/>
                    <TextEquiv>
                        <Unicode>ist</Unicode>
                    </TextEquiv>
                </Word>
                <Word id="r_66_tl_2_w7" custom="readingOrder {index:6;}">
                    <Coords points="2116,1953 2116,2013 2145,2013 2145,1953"/>
                    <TextEquiv>
                        <Unicode>zu</Unicode>
                    </TextEquiv>
                </Word>
                <Word id="r_66_tl_2_w8" custom="readingOrder {index:7;}">
                    <Coords points="2176,1954 2176,2014 2308,2014 2308,1954"/>
                    <TextEquiv>
                        <Unicode>haben:</Unicode>
                    </TextEquiv>
                </Word>
                <TextEquiv>
                    <Unicode>Bey dem Verleger dieser Zeitung ist zu haben:</Unicode>
                </TextEquiv>
            </TextLine>
            <TextLine id="r_66_tl_3" custom="readingOrder {index:2;}">
                <Coords points="1312,2052 2304,2052 2304,2012 2245,2000 1312,2002"/>
                <Baseline points="1325,2036 1370,2036 1415,2033 1459,2033 1504,2033 1549,2033 1594,2036 1639,2036 1683,2039 1728,2039 1773,2039 1818,2036 1862,2039 1907,2039 1952,2039 1997,2036 2042,2036 2086,2036 2131,2039 2176,2039 2221,2039 2266,2039 2310,2039"/>
                <Word id="r_66_tl_3_w1" custom="readingOrder {index:0;}">
                    <Coords points="1321,1993 1321,2053 1550,2053 1550,1993"/>
                    <TextEquiv>
                        <Unicode>Amusements</Unicode>
                    </TextEquiv>
                </Word>
                <Word id="r_66_tl_3_w2" custom="readingOrder {index:1;}">
                    <Coords points="1570,1995 1570,2055 1617,2055 1617,1995"/>
                    <TextEquiv>
                        <Unicode>des</Unicode>
                    </TextEquiv>
                </Word>
                <Word id="r_66_tl_3_w3" custom="readingOrder {index:2;}">
                    <Coords points="1637,1999 1637,2059 1747,2059 1747,1999"/>
                    <TextEquiv>
                        <Unicode>dames</Unicode>
                    </TextEquiv>
                </Word>
                <Word id="r_66_tl_3_w4" custom="readingOrder {index:3;}">
                    <Coords points="1766,1998 1766,2058 1804,2058 1804,1998"/>
                    <TextEquiv>
                        <Unicode>ou</Unicode>
                    </TextEquiv>
                </Word>
                <Word id="r_66_tl_3_w5" custom="readingOrder {index:4;}">
                    <Coords points="1829,1999 1829,2059 1962,2059 1962,1999"/>
                    <TextEquiv>
                        <Unicode>Recueil</Unicode>
                    </TextEquiv>
                </Word>
                <Word id="r_66_tl_3_w6" custom="readingOrder {index:5;}">
                    <Coords points="1983,1996 1983,2056 2178,2056 2178,1996"/>
                    <TextEquiv>
                        <Unicode>d'histoires</Unicode>
                    </TextEquiv>
                </Word>
                <Word id="r_66_tl_3_w7" custom="readingOrder {index:6;}">
                    <Coords points="2198,1999 2198,2059 2308,2059 2308,1999"/>
                    <TextEquiv>
                        <Unicode>galan-</Unicode>
                    </TextEquiv>
                </Word>
                <TextEquiv>
                    <Unicode>Amusements des dames ou Recueil d'histoires galan-</Unicode>
                </TextEquiv>
            </TextLine>
            <TextLine id="r_66_tl_4" custom="readingOrder {index:3;}">
                <Coords points="1317,2091 2307,2109 2282,2049 1317,2054"/>
                <Baseline points="1331,2083 1376,2083 1421,2083 1465,2080 1510,2080 1555,2080 1600,2083 1645,2086 1689,2086 1734,2086 1779,2086 1788,2086 1812,2086 1821,2083 1865,2083 1910,2086 1955,2083 2000,2083 2045,2086 2089,2083 2134,2083 2179,2083 2224,2086 2269,2086 2313,2083"/>
                <Word id="r_66_tl_4_w1" custom="readingOrder {index:0;}">
                    <Coords points="1322,2043 1322,2103 1383,2103 1383,2043"/>
                    <TextEquiv>
                        <Unicode>tes,</Unicode>
                    </TextEquiv>
                </Word>
                <Word id="r_66_tl_4_w2" custom="readingOrder {index:1;}">
                    <Coords points="1410,2040 1410,2100 1533,2100 1533,2040"/>
                    <TextEquiv>
                        <Unicode>Tomes</Unicode>
                    </TextEquiv>
                </Word>
                <Word id="r_66_tl_4_w3" custom="readingOrder {index:2;}">
                    <Coords points="1549,2041 1549,2101 1610,2101 1610,2041"/>
                    <TextEquiv>
                        <Unicode>IV.</Unicode>
                    </TextEquiv>
                </Word>
                <Word id="r_66_tl_4_w4" custom="readingOrder {index:3;}">
                    <Coords points="1636,2046 1636,2106 1672,2106 1672,2046"/>
                    <TextEquiv>
                        <Unicode>18</Unicode>
                    </TextEquiv>
                </Word>
                <Word id="r_66_tl_4_w5" custom="readingOrder {index:4;}">
                    <Coords points="1703,2046 1703,2106 1739,2106 1739,2046"/>
                    <TextEquiv>
                        <Unicode>fl.</Unicode>
                    </TextEquiv>
                </Word>
                <Word id="r_66_tl_4_w6" custom="readingOrder {index:5;}">
                    <Coords points="1812,2043 1812,2103 1909,2103 1909,2043"/>
                    <TextEquiv>
                        <Unicode>Estais</Unicode>
                    </TextEquiv>
                </Word>
                <Word id="r_66_tl_4_w7" custom="readingOrder {index:6;}">
                    <Coords points="1935,2043 1935,2103 1986,2103 1986,2043"/>
                    <TextEquiv>
                        <Unicode>sur</Unicode>
                    </TextEquiv>
                </Word>
                <Word id="r_66_tl_4_w8" custom="readingOrder {index:7;}">
                    <Coords points="2012,2044 2012,2104 2115,2104 2115,2044"/>
                    <TextEquiv>
                        <Unicode>divers</Unicode>
                    </TextEquiv>
                </Word>
                <Word id="r_66_tl_4_w9" custom="readingOrder {index:8;}">
                    <Coords points="2141,2043 2141,2103 2239,2103 2239,2043"/>
                    <TextEquiv>
                        <Unicode>sujets</Unicode>
                    </TextEquiv>
                </Word>
                <Word id="r_66_tl_4_w10" custom="readingOrder {index:9;}">
                    <Coords points="2265,2045 2265,2105 2300,2105 2300,2045"/>
                    <TextEquiv>
                        <Unicode>de</Unicode>
                    </TextEquiv>
                </Word>
                <TextEquiv>
                    <Unicode>tes, Tomes IV. 18 fl. Estais sur divers sujets de</Unicode>
                </TextEquiv>
            </TextLine>
            <TextLine id="r_66_tl_5" custom="readingOrder {index:4;}">
                <Coords points="1312,2151 2312,2151 2312,2099 2279,2094 1312,2094"/>
                <Baseline points="1325,2131 1370,2131 1415,2128 1459,2128 1504,2128 1549,2128 1594,2128 1639,2131 1683,2131 1728,2131 1773,2131 1818,2131 1862,2131 1907,2131 1952,2134 1997,2131 2042,2131 2086,2134 2131,2134 2176,2131 2221,2131 2266,2134 2310,2128 2316,2131"/>
                <Word id="r_66_tl_5_w1" custom="readingOrder {index:0;}">
                    <Coords points="1317,2088 1317,2148 1497,2148 1497,2088"/>
                    <TextEquiv>
                        <Unicode>litterature</Unicode>
                    </TextEquiv>
                </Word>
                <Word id="r_66_tl_5_w2" custom="readingOrder {index:1;}">
                    <Coords points="1523,2088 1523,2148 1553,2148 1553,2088"/>
                    <TextEquiv>
                        <Unicode>et</Unicode>
                    </TextEquiv>
                </Word>
                <Word id="r_66_tl_5_w3" custom="readingOrder {index:2;}">
                    <Coords points="1569,2088 1569,2148 1605,2148 1605,2088"/>
                    <TextEquiv>
                        <Unicode>de</Unicode>
                    </TextEquiv>
                </Word>
                <Word id="r_66_tl_5_w4" custom="readingOrder {index:3;}">
                    <Coords points="1626,2091 1626,2151 1770,2151 1770,2091"/>
                    <TextEquiv>
                        <Unicode>morale,</Unicode>
                    </TextEquiv>
                </Word>
                <Word id="r_66_tl_5_w5" custom="readingOrder {index:4;}">
                    <Coords points="1791,2091 1791,2151 1847,2151 1847,2091"/>
                    <TextEquiv>
                        <Unicode>par</Unicode>
                    </TextEquiv>
                </Word>
                <Word id="r_66_tl_5_w6" custom="readingOrder {index:5;}">
                    <Coords points="1863,2091 1863,2151 1929,2151 1929,2091"/>
                    <TextEquiv>
                        <Unicode>Mr.</Unicode>
                    </TextEquiv>
                </Word>
                <Word id="r_66_tl_5_w7" custom="readingOrder {index:6;}">
                    <Coords points="1940,2091 1940,2151 2053,2151 2053,2091"/>
                    <TextEquiv>
                        <Unicode>l'Abbé</Unicode>
                    </TextEquiv>
                </Word>
                <Word id="r_66_tl_5_w8" custom="readingOrder {index:7;}">
                    <Coords points="2074,2092 2074,2152 2223,2152 2223,2092"/>
                    <TextEquiv>
                        <Unicode>Trublet,</Unicode>
                    </TextEquiv>
                </Word>
                <Word id="r_66_tl_5_w9" custom="readingOrder {index:8;}">
                    <Coords points="2239,2093 2239,2153 2305,2153 2305,2093"/>
                    <TextEquiv>
                        <Unicode>To-</Unicode>
                    </TextEquiv>
                </Word>
                <TextEquiv>
                    <Unicode>litterature et de morale, par Mr. l'Abbé Trublet, To-</Unicode>
                </TextEquiv>
            </TextLine>
            <TextLine id="r_66_tl_6" custom="readingOrder {index:5;}">
                <Coords points="1312,2188 2312,2203 2289,2141 1312,2158"/>
                <Baseline points="1325,2179 1370,2176 1415,2176 1459,2176 1504,2176 1549,2173 1594,2176 1639,2176 1683,2176 1728,2176 1773,2176 1818,2176 1862,2176 1907,2176 1952,2179 1997,2179 2042,2182 2086,2182 2131,2182 2176,2185 2221,2182 2266,2182 2310,2182 2316,2182"/>
                <Word id="r_66_tl_6_w1" custom="readingOrder {index:0;}">
                    <Coords points="1318,2137 1318,2197 1384,2197 1384,2137"/>
                    <TextEquiv>
                        <Unicode>mes</Unicode>
                    </TextEquiv>
                </Word>
                <Word id="r_66_tl_6_w2" custom="readingOrder {index:1;}">
                    <Coords points="1407,2136 1407,2196 1468,2196 1468,2136"/>
                    <TextEquiv>
                        <Unicode>IV.</Unicode>
                    </TextEquiv>
                </Word>
                <Word id="r_66_tl_6_w3" custom="readingOrder {index:2;}">
                    <Coords points="1496,2135 1496,2195 1529,2195 1529,2135"/>
                    <TextEquiv>
                        <Unicode>14</Unicode>
                    </TextEquiv>
                </Word>
                <Word id="r_66_tl_6_w4" custom="readingOrder {index:3;}">
                    <Coords points="1557,2135 1557,2195 1601,2195 1601,2135"/>
                    <TextEquiv>
                        <Unicode>fl.</Unicode>
                    </TextEquiv>
                </Word>
                <Word id="r_66_tl_6_w5" custom="readingOrder {index:4;}">
                    <Coords points="1647,2136 1647,2196 1863,2196 1863,2136"/>
                    <TextEquiv>
                        <Unicode>Amusemens</Unicode>
                    </TextEquiv>
                </Word>
                <Word id="r_66_tl_6_w6" custom="readingOrder {index:5;}">
                    <Coords points="1881,2136 1881,2196 1913,2196 1913,2136"/>
                    <TextEquiv>
                        <Unicode>de</Unicode>
                    </TextEquiv>
                </Word>
                <Word id="r_66_tl_6_w7" custom="readingOrder {index:6;}">
                    <Coords points="1936,2138 1936,2198 1963,2198 1963,2138"/>
                    <TextEquiv>
                        <Unicode>la</Unicode>
                    </TextEquiv>
                </Word>
                <Word id="r_66_tl_6_w8" custom="readingOrder {index:7;}">
                    <Coords points="1987,2142 1987,2202 2192,2202 2192,2142"/>
                    <TextEquiv>
                        <Unicode>Campagne,</Unicode>
                    </TextEquiv>
                </Word>
                <Word id="r_66_tl_6_w9" custom="readingOrder {index:8;}">
                    <Coords points="2221,2142 2221,2202 2253,2202 2253,2142"/>
                    <TextEquiv>
                        <Unicode>de</Unicode>
                    </TextEquiv>
                </Word>
                <Word id="r_66_tl_6_w10" custom="readingOrder {index:9;}">
                    <Coords points="2276,2142 2276,2202 2303,2202 2303,2142"/>
                    <TextEquiv>
                        <Unicode>la</Unicode>
                    </TextEquiv>
                </Word>
                <TextEquiv>
                    <Unicode>mes IV. 14 fl. Amusemens de la Campagne, de la</Unicode>
                </TextEquiv>
            </TextLine>
            <TextLine id="r_66_tl_7" custom="readingOrder {index:6;}">
                <Coords points="1319,2237 2054,2232 2309,2265 2309,2200 2245,2188 2077,2215 2034,2188 1319,2190"/>
                <Baseline points="1334,2227 1379,2224 1424,2221 1468,2221 1513,2221 1558,2218 1603,2218 1648,2221 1692,2221 1737,2221 1782,2224 1827,2224 1871,2224 1916,2224 1961,2227 2006,2227 2051,2233 2095,2230 2140,2233 2185,2233 2230,2233 2274,2233 2316,2233"/>
                <Word id="r_66_tl_7_w1" custom="readingOrder {index:0;}">
                    <Coords points="1327,2184 1327,2244 1412,2244 1412,2184"/>
                    <TextEquiv>
                        <Unicode>Cour</Unicode>
                    </TextEquiv>
                </Word>
                <Word id="r_66_tl_7_w2" custom="readingOrder {index:1;}">
                    <Coords points="1437,2181 1437,2241 1461,2241 1461,2181"/>
                    <TextEquiv>
                        <Unicode>et</Unicode>
                    </TextEquiv>
                </Word>
                <Word id="r_66_tl_7_w3" custom="readingOrder {index:2;}">
                    <Coords points="1480,2181 1480,2241 1510,2241 1510,2181"/>
                    <TextEquiv>
                        <Unicode>de</Unicode>
                    </TextEquiv>
                </Word>
                <Word id="r_66_tl_7_w4" custom="readingOrder {index:3;}">
                    <Coords points="1536,2178 1536,2238 1560,2238 1560,2178"/>
                    <TextEquiv>
                        <Unicode>la</Unicode>
                    </TextEquiv>
                </Word>
                <Word id="r_66_tl_7_w5" custom="readingOrder {index:4;}">
                    <Coords points="1579,2179 1579,2239 1683,2239 1683,2179"/>
                    <TextEquiv>
                        <Unicode>Ville,</Unicode>
                    </TextEquiv>
                </Word>
                <Word id="r_66_tl_7_w6" custom="readingOrder {index:5;}">
                    <Coords points="1708,2183 1708,2243 1831,2243 1831,2183"/>
                    <TextEquiv>
                        <Unicode>Tomes</Unicode>
                    </TextEquiv>
                </Word>
                <Word id="r_66_tl_7_w7" custom="readingOrder {index:6;}">
                    <Coords points="1850,2184 1850,2244 1929,2244 1929,2184"/>
                    <TextEquiv>
                        <Unicode>XII.</Unicode>
                    </TextEquiv>
                </Word>
                <Word id="r_66_tl_7_w8" custom="readingOrder {index:7;}">
                    <Coords points="1942,2186 1942,2246 1979,2246 1979,2186"/>
                    <TextEquiv>
                        <Unicode>21</Unicode>
                    </TextEquiv>
                </Word>
                <Word id="r_66_tl_7_w9" custom="readingOrder {index:8;}">
                    <Coords points="2004,2189 2004,2249 2046,2249 2046,2189"/>
                    <TextEquiv>
                        <Unicode>fl.</Unicode>
                    </TextEquiv>
                </Word>
                <Word id="r_66_tl_7_w10" custom="readingOrder {index:9;}">
                    <Coords points="2097,2192 2097,2252 2170,2252 2170,2192"/>
                    <TextEquiv>
                        <Unicode>Der</Unicode>
                    </TextEquiv>
                </Word>
                <Word id="r_66_tl_7_w11" custom="readingOrder {index:10;}">
                    <Coords points="2195,2193 2195,2253 2305,2253 2305,2193"/>
                    <TextEquiv>
                        <Unicode>Jüng=</Unicode>
                    </TextEquiv>
                </Word>
                <TextEquiv>
                    <Unicode>Cour et de la Ville, Tomes XII. 21 fl. Der Jüng=</Unicode>
                </TextEquiv>
            </TextLine>
            <TextLine id="r_66_tl_8" custom="readingOrder {index:7;}">
                <Coords points="1312,2302 1582,2275 1685,2299 2084,2289 2084,2232 1960,2250 1839,2225 1780,2252 1745,2228 1312,2232"/>
                <Baseline points="1325,2274 1370,2271 1415,2271 1459,2271 1504,2269 1549,2269 1594,2269 1639,2269 1683,2269 1728,2269 1773,2271 1818,2271 1862,2274 1907,2274 1952,2274 1997,2277 2042,2277 2086,2277 2089,2277"/>
                <Word id="r_66_tl_8_w1" custom="readingOrder {index:0;}">
                    <Coords points="1320,2231 1320,2291 1401,2291 1401,2231"/>
                    <TextEquiv>
                        <Unicode>ling,</Unicode>
                    </TextEquiv>
                </Word>
                <Word id="r_66_tl_8_w2" custom="readingOrder {index:1;}">
                    <Coords points="1428,2230 1428,2290 1497,2290 1497,2230"/>
                    <TextEquiv>
                        <Unicode>eine</Unicode>
                    </TextEquiv>
                </Word>
                <Word id="r_66_tl_8_w3" custom="readingOrder {index:2;}">
                    <Coords points="1516,2229 1516,2289 1776,2289 1776,2229"/>
                    <TextEquiv>
                        <Unicode>Wochenschrift,</Unicode>
                    </TextEquiv>
                </Word>
                <Word id="r_66_tl_8_w4" custom="readingOrder {index:3;}">
                    <Coords points="1802,2231 1802,2291 1814,2291 1814,2231"/>
                    <TextEquiv>
                        <Unicode>2</Unicode>
                    </TextEquiv>
                </Word>
                <Word id="r_66_tl_8_w5" custom="readingOrder {index:4;}">
                    <Coords points="1839,2234 1839,2294 1972,2294 1972,2234"/>
                    <TextEquiv>
                        <Unicode>Theile,</Unicode>
                    </TextEquiv>
                </Word>
                <Word id="r_66_tl_8_w6" custom="readingOrder {index:5;}">
                    <Coords points="1992,2237 1992,2297 2010,2297 2010,2237"/>
                    <TextEquiv>
                        <Unicode>4</Unicode>
                    </TextEquiv>
                </Word>
                <Word id="r_66_tl_8_w7" custom="readingOrder {index:6;}">
                    <Coords points="2036,2237 2036,2297 2073,2297 2073,2237"/>
                    <TextEquiv>
                        <Unicode>fl.</Unicode>
                    </TextEquiv>
                </Word>
                <TextEquiv>
                    <Unicode>ling, eine Wochenschrift, 2 Theile, 4 fl.</Unicode>
                </TextEquiv>
            </TextLine>
            <TextLine id="r_66_tl_9" custom="readingOrder {index:8;}">
                <Coords points="1366,2329 2312,2356 2292,2262 2141,2252 2064,2292 1886,2302 1366,2287"/>
                <Baseline points="1379,2319 1424,2319 1468,2316 1513,2316 1558,2316 1603,2316 1648,2316 1692,2316 1737,2319 1782,2319 1827,2319 1871,2319 1916,2319 1961,2319 2006,2319 2051,2322 2095,2322 2140,2319 2185,2322 2230,2322 2274,2322 2316,2325"/>
                <Word id="r_66_tl_9_w1" custom="readingOrder {index:0;}">
                    <Coords points="1368,2279 1368,2339 1443,2339 1443,2279"/>
                    <TextEquiv>
                        <Unicode>Der</Unicode>
                    </TextEquiv>
                </Word>
                <Word id="r_66_tl_9_w2" custom="readingOrder {index:1;}">
                    <Coords points="1481,2276 1481,2336 1662,2336 1662,2276"/>
                    <TextEquiv>
                        <Unicode>Catalogus</Unicode>
                    </TextEquiv>
                </Word>
                <Word id="r_66_tl_9_w3" custom="readingOrder {index:2;}">
                    <Coords points="1701,2278 1701,2338 1756,2338 1756,2278"/>
                    <TextEquiv>
                        <Unicode>von</Unicode>
                    </TextEquiv>
                </Word>
                <Word id="r_66_tl_9_w4" custom="readingOrder {index:3;}">
                    <Coords points="1801,2279 1801,2339 1850,2339 1850,2279"/>
                    <TextEquiv>
                        <Unicode>der</Unicode>
                    </TextEquiv>
                </Word>
                <Word id="r_66_tl_9_w5" custom="readingOrder {index:4;}">
                    <Coords points="1889,2279 1889,2339 2101,2339 2101,2279"/>
                    <TextEquiv>
                        <Unicode>verwichenen</Unicode>
                    </TextEquiv>
                </Word>
                <Word id="r_66_tl_9_w6" custom="readingOrder {index:5;}">
                    <Coords points="2146,2282 2146,2342 2302,2342 2302,2282"/>
                    <TextEquiv>
                        <Unicode>Leipziger</Unicode>
                    </TextEquiv>
                </Word>
                <TextEquiv>
                    <Unicode>Der Catalogus von der verwichenen Leipziger</Unicode>
                </TextEquiv>
            </TextLine>
            <TextLine id="r_66_tl_10" custom="readingOrder {index:9;}">
                <Coords points="1312,2388 1497,2391 1537,2366 1775,2393 2077,2378 2077,2341 2002,2329 1312,2336"/>
                <Baseline points="1325,2373 1364,2370 1409,2370 1453,2370 1498,2367 1543,2364 1588,2361 1633,2361 1677,2364 1722,2367 1767,2370 1812,2370 1857,2367 1901,2370 1946,2370 1991,2367 2036,2367 2080,2370"/>
                <Word id="r_66_tl_10_w1" custom="readingOrder {index:0;}">
                    <Coords points="1320,2330 1320,2390 1526,2390 1526,2330"/>
                    <TextEquiv>
                        <Unicode>Ostermesse,</Unicode>
                    </TextEquiv>
                </Word>
                <Word id="r_66_tl_10_w2" custom="readingOrder {index:1;}">
                    <Coords points="1544,2322 1544,2382 1586,2382 1586,2322"/>
                    <TextEquiv>
                        <Unicode>ist</Unicode>
                    </TextEquiv>
                </Word>
                <Word id="r_66_tl_10_w3" custom="readingOrder {index:2;}">
                    <Coords points="1618,2327 1618,2387 1836,2387 1836,2327"/>
                    <TextEquiv>
                        <Unicode>unenigeltlich</Unicode>
                    </TextEquiv>
                </Word>
                <Word id="r_66_tl_10_w4" custom="readingOrder {index:3;}">
                    <Coords points="1873,2328 1873,2388 2073,2388 2073,2328"/>
                    <TextEquiv>
                        <Unicode>abzuholen.</Unicode>
                    </TextEquiv>
                </Word>
                <TextEquiv>
                    <Unicode>Ostermesse, ist unenigeltlich abzuholen.</Unicode>
                </TextEquiv>
            </TextLine>
            <TextEquiv>
                <Unicode></Unicode>
            </TextEquiv>
        </TextRegion>
        <TextRegion id="r_78" custom="readingOrder {index:3;}">
            <Coords points="2357,2401 2357,2738 1320,2738 1317,2401"/>
            <TextLine id="r_78_tl_1" custom="readingOrder {index:0;}">
                <Coords points="1324,2485 1740,2460 1864,2495 1985,2460 2304,2495 2304,2418 2260,2408 1324,2418"/>
                <Baseline points="1337,2463 1382,2463 1427,2463 1471,2460 1516,2457 1561,2454 1606,2454 1650,2454 1695,2457 1740,2457 1785,2460 1830,2460 1874,2460 1919,2460 1964,2457 2009,2457 2054,2457 2098,2457 2143,2460 2188,2463 2233,2460 2277,2463 2310,2463"/>
                <Word id="r_78_tl_1_w1" custom="readingOrder {index:0;}">
                    <Coords points="1329,2418 1329,2478 1650,2478 1650,2418"/>
                    <TextEquiv>
                        <Unicode>Wechsel-Cours</Unicode>
                    </TextEquiv>
                </Word>
                <Word id="r_78_tl_1_w2" custom="readingOrder {index:1;}">
                    <Coords points="1683,2416 1683,2476 1690,2476 1690,2416"/>
                    <TextEquiv>
                        <Unicode>&amp;</Unicode>
                    </TextEquiv>
                </Word>
                <Word id="r_78_tl_1_w3" custom="readingOrder {index:2;}">
                    <Coords points="1754,2420 1754,2480 1910,2480 1910,2420"/>
                    <TextEquiv>
                        <Unicode>Species</Unicode>
                    </TextEquiv>
                </Word>
                <Word id="r_78_tl_1_w4" custom="readingOrder {index:3;}">
                    <Coords points="1928,2417 1928,2477 1974,2477 1974,2417"/>
                    <TextEquiv>
                        <Unicode>d.</Unicode>
                    </TextEquiv>
                </Word>
                <Word id="r_78_tl_1_w5" custom="readingOrder {index:4;}">
                    <Coords points="1990,2417 1990,2477 2036,2477 2036,2417"/>
                    <TextEquiv>
                        <Unicode>2.</Unicode>
                    </TextEquiv>
                </Word>
                <Word id="r_78_tl_1_w6" custom="readingOrder {index:5;}">
                    <Coords points="2053,2417 2053,2477 2163,2477 2163,2417"/>
                    <TextEquiv>
                        <Unicode>Aug.</Unicode>
                    </TextEquiv>
                </Word>
                <Word id="r_78_tl_1_w7" custom="readingOrder {index:6;}">
                    <Coords points="2179,2420 2179,2480 2304,2480 2304,2420"/>
                    <TextEquiv>
                        <Unicode>1764.</Unicode>
                    </TextEquiv>
                </Word>
                <TextEquiv>
                    <Unicode>Wechsel-Cours &amp; Species d. 2. Aug. 1764.</Unicode>
                </TextEquiv>
            </TextLine>
            <TextLine id="r_78_tl_2" custom="readingOrder {index:1;}">
                <Coords points="1893,2507 1926,2505 1943,2520 1963,2512 2015,2532 2042,2534 2057,2522 2136,2547 2190,2544 2190,2470 2173,2465 2148,2482 2109,2480 2091,2465 2027,2468 2012,2480 1987,2458 1893,2485"/>
                <Baseline points="1907,2504 1952,2507 1997,2510 2042,2510 2086,2510 2131,2513 2176,2510 2197,2513"/>
                <Word id="r_78_tl_2_w1" custom="readingOrder {index:0;}">
                    <Coords points="1902,2465 1902,2525 1947,2525 1947,2465"/>
                    <TextEquiv>
                        <Unicode>71</Unicode>
                    </TextEquiv>
                </Word>
                <Word id="r_78_tl_2_w2" custom="readingOrder {index:1;}">
                    <Coords points="1968,2470 1968,2530 2053,2530 2053,2470"/>
                    <TextEquiv>
                        <Unicode>Tage</Unicode>
                    </TextEquiv>
                </Word>
                <Word id="r_78_tl_2_w3" custom="readingOrder {index:2;}">
                    <Coords points="2074,2472 2074,2532 2191,2532 2191,2472"/>
                    <TextEquiv>
                        <Unicode>303gr.</Unicode>
                    </TextEquiv>
                </Word>
                <TextEquiv>
                    <Unicode>71 Tage 303gr.</Unicode>
                </TextEquiv>
            </TextLine>
            <TextLine id="r_78_tl_3" custom="readingOrder {index:2;}">
                <Coords points="1317,2524 1520,2532 1624,2512 1841,2542 1841,2482 1819,2473 1792,2487 1745,2468 1710,2487 1601,2460 1539,2485 1522,2470 1317,2485"/>
                <Baseline points="1331,2513 1355,2513 1400,2513 1444,2513 1489,2510 1534,2510 1579,2507 1624,2504 1668,2504 1713,2507 1758,2513 1803,2513 1848,2510"/>
                <Word id="r_78_tl_3_w1" custom="readingOrder {index:0;}">
                    <Coords points="1326,2473 1326,2533 1512,2533 1512,2473"/>
                    <TextEquiv>
                        <Unicode>Amsterdam</Unicode>
                    </TextEquiv>
                </Word>
                <Word id="r_78_tl_3_w2" custom="readingOrder {index:1;}">
                    <Coords points="1552,2467 1552,2527 1590,2527 1590,2467"/>
                    <TextEquiv>
                        <Unicode>41</Unicode>
                    </TextEquiv>
                </Word>
                <Word id="r_78_tl_3_w3" custom="readingOrder {index:2;}">
                    <Coords points="1610,2464 1610,2524 1694,2524 1694,2464"/>
                    <TextEquiv>
                        <Unicode>Tage</Unicode>
                    </TextEquiv>
                </Word>
                <Word id="r_78_tl_3_w4" custom="readingOrder {index:3;}">
                    <Coords points="1714,2471 1714,2531 1778,2531 1778,2471"/>
                    <TextEquiv>
                        <Unicode>305</Unicode>
                    </TextEquiv>
                </Word>
                <Word id="r_78_tl_3_w5" custom="readingOrder {index:4;}">
                    <Coords points="1798,2471 1798,2531 1842,2531 1842,2471"/>
                    <TextEquiv>
                        <Unicode>gr.</Unicode>
                    </TextEquiv>
                </Word>
                <TextEquiv>
                    <Unicode>Amsterdam 41 Tage 305 gr.</Unicode>
                </TextEquiv>
            </TextLine>
            <TextLine id="r_78_tl_4" custom="readingOrder {index:3;}">
                <Coords points="1851,2579 1933,2567 1990,2584 2099,2586 2096,2532 2057,2522 2042,2534 2015,2532 2005,2522 1990,2527 1963,2515 1918,2524 1896,2507 1849,2520"/>
                <Baseline points="1865,2555 1910,2555 1955,2555 2000,2558 2045,2561 2089,2564 2104,2564"/>
                <Word id="r_78_tl_4_w1" custom="readingOrder {index:0;}">
                    <Coords points="1859,2515 1859,2575 1871,2575 1871,2515"/>
                    <TextEquiv>
                        <Unicode>6</Unicode>
                    </TextEquiv>
                </Word>
                <Word id="r_78_tl_4_w2" custom="readingOrder {index:1;}">
                    <Coords points="1899,2515 1899,2575 1959,2575 1959,2515"/>
                    <TextEquiv>
                        <Unicode>W.</Unicode>
                    </TextEquiv>
                </Word>
                <Word id="r_78_tl_4_w3" custom="readingOrder {index:2;}">
                    <Coords points="1974,2520 1974,2580 2100,2580 2100,2520"/>
                    <TextEquiv>
                        <Unicode>134gr.</Unicode>
                    </TextEquiv>
                </Word>
                <TextEquiv>
                    <Unicode>6 W. 134gr.</Unicode>
                </TextEquiv>
            </TextLine>
            <TextLine id="r_78_tl_5" custom="readingOrder {index:4;}">
                <Coords points="1319,2576 1421,2572 1500,2594 1549,2574 1653,2574 1693,2596 1720,2584 1765,2596 1765,2532 1705,2520 1661,2529 1606,2507 1557,2529 1319,2524"/>
                <Baseline points="1334,2564 1367,2561 1412,2564 1456,2561 1501,2561 1546,2555 1591,2555 1636,2558 1680,2555 1725,2564 1770,2561"/>
                <Word id="r_78_tl_5_w1" custom="readingOrder {index:0;}">
                    <Coords points="1330,2523 1330,2583 1498,2583 1498,2523"/>
                    <TextEquiv>
                        <Unicode>Hamburg</Unicode>
                    </TextEquiv>
                </Word>
                <Word id="r_78_tl_5_w2" custom="readingOrder {index:1;}">
                    <Coords points="1527,2516 1527,2576 1540,2576 1540,2516"/>
                    <TextEquiv>
                        <Unicode>3</Unicode>
                    </TextEquiv>
                </Word>
                <Word id="r_78_tl_5_w3" custom="readingOrder {index:2;}">
                    <Coords points="1562,2515 1562,2575 1618,2575 1618,2515"/>
                    <TextEquiv>
                        <Unicode>W.</Unicode>
                    </TextEquiv>
                </Word>
                <Word id="r_78_tl_5_w4" custom="readingOrder {index:3;}">
                    <Coords points="1640,2519 1640,2579 1766,2579 1766,2519"/>
                    <TextEquiv>
                        <Unicode>135gr.</Unicode>
                    </TextEquiv>
                </Word>
                <TextEquiv>
                    <Unicode>Hamburg 3 W. 135gr.</Unicode>
                </TextEquiv>
            </TextLine>
            <TextLine id="r_78_tl_6" custom="readingOrder {index:5;}">
                <Coords points="1787,2628 1836,2626 1864,2636 1916,2611 1940,2626 1958,2626 1958,2564 1901,2567 1883,2579 1861,2564 1844,2569 1819,2554 1812,2562 1807,2557 1787,2564"/>
                <Baseline points="1800,2606 1845,2603 1889,2603 1934,2603 1961,2609"/>
                <Word id="r_78_tl_6_w1" custom="readingOrder {index:0;}">
                    <Coords points="1797,2563 1797,2623 1946,2623 1946,2563"/>
                    <TextEquiv>
                        <Unicode>Dantzig</Unicode>
                    </TextEquiv>
                </Word>
                <TextEquiv>
                    <Unicode>Dantzig</Unicode>
                </TextEquiv>
            </TextLine>
            <TextLine id="r_78_tl_7" custom="readingOrder {index:6;}">
                <Coords points="1317,2628 1334,2628 1351,2621 1356,2626 1384,2628 1391,2621 1403,2628 1443,2631 1443,2579 1431,2579 1421,2572 1317,2574"/>
                <Baseline points="1331,2609 1376,2609 1421,2609 1450,2609"/>
                <Word id="r_78_tl_7_w1" custom="readingOrder {index:0;}">
                    <Coords points="1324,2569 1324,2629 1434,2629 1434,2569"/>
                    <TextEquiv>
                        <Unicode>Berlin</Unicode>
                    </TextEquiv>
                </Word>
                <TextEquiv>
                    <Unicode>Berlin</Unicode>
                </TextEquiv>
            </TextLine>
            <TextLine id="r_78_tl_8" custom="readingOrder {index:7;}">
                <Coords points="1324,2673 1582,2663 1673,2690 1715,2678 1767,2693 1767,2609 1718,2586 1656,2614 1629,2594 1584,2611 1532,2579 1502,2594 1483,2584 1448,2616 1324,2621"/>
                <Baseline points="1337,2657 1382,2657 1427,2657 1471,2654 1516,2654 1561,2651 1606,2648 1650,2651 1695,2654 1740,2657 1770,2657"/>
                <Word id="r_78_tl_8_w1" custom="readingOrder {index:0;}">
                    <Coords points="1330,2617 1330,2677 1466,2677 1466,2617"/>
                    <TextEquiv>
                        <Unicode>Ducaten</Unicode>
                    </TextEquiv>
                </Word>
                <Word id="r_78_tl_8_w2" custom="readingOrder {index:1;}">
                    <Coords points="1492,2613 1492,2673 1564,2673 1564,2613"/>
                    <TextEquiv>
                        <Unicode>neue</Unicode>
                    </TextEquiv>
                </Word>
                <Word id="r_78_tl_8_w3" custom="readingOrder {index:2;}">
                    <Coords points="1589,2608 1589,2668 1596,2668 1596,2608"/>
                    <TextEquiv>
                        <Unicode>9</Unicode>
                    </TextEquiv>
                </Word>
                <Word id="r_78_tl_8_w4" custom="readingOrder {index:3;}">
                    <Coords points="1621,2610 1621,2670 1653,2670 1653,2610"/>
                    <TextEquiv>
                        <Unicode>fl.</Unicode>
                    </TextEquiv>
                </Word>
                <Word id="r_78_tl_8_w5" custom="readingOrder {index:4;}">
                    <Coords points="1662,2612 1662,2672 1693,2672 1693,2612"/>
                    <TextEquiv>
                        <Unicode>12</Unicode>
                    </TextEquiv>
                </Word>
                <Word id="r_78_tl_8_w6" custom="readingOrder {index:5;}">
                    <Coords points="1711,2616 1711,2676 1766,2676 1766,2616"/>
                    <TextEquiv>
                        <Unicode>gr.</Unicode>
                    </TextEquiv>
                </Word>
                <TextEquiv>
                    <Unicode>Ducaten neue 9 fl. 12 gr.</Unicode>
                </TextEquiv>
            </TextLine>
            <TextLine id="r_78_tl_9" custom="readingOrder {index:8;}">
                <Coords points="1869,2658 1896,2673 1973,2658 2205,2678 2275,2661 2275,2581 2198,2599 2163,2586 2104,2596 2086,2581 2012,2624 1980,2611 1945,2628 1916,2611 1869,2633"/>
                <Baseline points="1883,2654 1928,2654 1973,2654 2018,2654 2063,2654 2107,2654 2152,2657 2197,2660 2242,2654 2277,2657"/>
                <Word id="r_78_tl_9_w1" custom="readingOrder {index:0;}">
                    <Coords points="1874,2614 1874,2674 2005,2674 2005,2614"/>
                    <TextEquiv>
                        <Unicode>Alberts</Unicode>
                    </TextEquiv>
                </Word>
                <Word id="r_78_tl_9_w2" custom="readingOrder {index:1;}">
                    <Coords points="2021,2614 2021,2674 2112,2674 2112,2614"/>
                    <TextEquiv>
                        <Unicode>Taler</Unicode>
                    </TextEquiv>
                </Word>
                <Word id="r_78_tl_9_w3" custom="readingOrder {index:2;}">
                    <Coords points="2136,2617 2136,2677 2190,2677 2190,2617"/>
                    <TextEquiv>
                        <Unicode>132</Unicode>
                    </TextEquiv>
                </Word>
                <Word id="r_78_tl_9_w4" custom="readingOrder {index:3;}">
                    <Coords points="2214,2614 2214,2674 2267,2674 2267,2614"/>
                    <TextEquiv>
                        <Unicode>gr.</Unicode>
                    </TextEquiv>
                </Word>
                <TextEquiv>
                    <Unicode>Alberts Taler 132 gr.</Unicode>
                </TextEquiv>
            </TextLine>
            <TextLine id="r_78_tl_10" custom="readingOrder {index:9;}">
                <Coords points="1784,2705 1893,2727 2054,2710 2190,2730 2232,2703 2307,2703 2307,2663 2279,2661 2173,2678 2124,2663 1896,2673 1861,2638 1784,2668"/>
                <Baseline points="1797,2698 1821,2698 1865,2698 1910,2698 1955,2698 2000,2701 2045,2701 2089,2704 2134,2704 2179,2704 2224,2701 2269,2695 2313,2692"/>
                <Word id="r_78_tl_10_w1" custom="readingOrder {index:0;}">
                    <Coords points="1799,2658 1799,2718 1850,2718 1850,2658"/>
                    <TextEquiv>
                        <Unicode>Alt</Unicode>
                    </TextEquiv>
                </Word>
                <Word id="r_78_tl_10_w2" custom="readingOrder {index:1;}">
                    <Coords points="1864,2658 1864,2718 2005,2718 2005,2658"/>
                    <TextEquiv>
                        <Unicode>Polnisch</Unicode>
                    </TextEquiv>
                </Word>
                <Word id="r_78_tl_10_w3" custom="readingOrder {index:2;}">
                    <Coords points="2025,2662 2025,2722 2096,2722 2096,2662"/>
                    <TextEquiv>
                        <Unicode>Geld</Unicode>
                    </TextEquiv>
                </Word>
                <Word id="r_78_tl_10_w4" custom="readingOrder {index:3;}">
                    <Coords points="2122,2664 2122,2724 2153,2724 2153,2664"/>
                    <TextEquiv>
                        <Unicode>13</Unicode>
                    </TextEquiv>
                </Word>
                <Word id="r_78_tl_10_w5" custom="readingOrder {index:4;}">
                    <Coords points="2181,2662 2181,2722 2225,2722 2225,2662"/>
                    <TextEquiv>
                        <Unicode>pr.</Unicode>
                    </TextEquiv>
                </Word>
                <Word id="r_78_tl_10_w6" custom="readingOrder {index:5;}">
                    <Coords points="2245,2654 2245,2714 2309,2714 2309,2654"/>
                    <TextEquiv>
                        <Unicode>Cto.</Unicode>
                    </TextEquiv>
                </Word>
                <TextEquiv>
                    <Unicode>Alt Polnisch Geld 13 pr. Cto.</Unicode>
                </TextEquiv>
            </TextLine>
            <TextLine id="r_78_tl_11" custom="readingOrder {index:10;}">
                <Coords points="1314,2720 1609,2718 1611,2671 1582,2663 1539,2671 1517,2661 1483,2675 1445,2663 1411,2675 1396,2663 1371,2678 1317,2668"/>
                <Baseline points="1331,2704 1346,2707 1391,2707 1436,2704 1480,2704 1525,2704 1570,2701 1615,2698"/>
                <Word id="r_78_tl_11_w1" custom="readingOrder {index:0;}">
                    <Coords points="1322,2667 1322,2727 1433,2727 1433,2667"/>
                    <TextEquiv>
                        <Unicode>Rubel</Unicode>
                    </TextEquiv>
                </Word>
                <Word id="r_78_tl_11_w2" custom="readingOrder {index:1;}">
                    <Coords points="1452,2664 1452,2724 1520,2724 1520,2664"/>
                    <TextEquiv>
                        <Unicode>113</Unicode>
                    </TextEquiv>
                </Word>
                <Word id="r_78_tl_11_w3" custom="readingOrder {index:2;}">
                    <Coords points="1546,2660 1546,2720 1600,2720 1600,2660"/>
                    <TextEquiv>
                        <Unicode>gr.</Unicode>
                    </TextEquiv>
                </Word>
                <TextEquiv>
                    <Unicode>Rubel 113 gr.</Unicode>
                </TextEquiv>
            </TextLine>
            <TextEquiv>
                <Unicode></Unicode>
            </TextEquiv>
        </TextRegion>
        <TextRegion id="r_79" custom="readingOrder {index:4;}">
            <Coords points="2357,2738 2357,2907 1321,2907 1320,2738"/>
            <TextLine id="r_79_tl_1" custom="readingOrder {index:0;}">
                <Coords points="1324,2807 1398,2824 1534,2779 2312,2797 2312,2718 2247,2705 1324,2722"/>
                <Baseline points="1337,2791 1379,2788 1424,2782 1468,2779 1513,2779 1558,2779 1603,2779 1648,2782 1692,2782 1737,2782 1782,2782 1827,2782 1871,2782 1916,2785 1961,2785 2006,2785 2051,2785 2095,2785 2140,2785 2185,2785 2230,2785 2274,2785 2319,2785"/>
                <Word id="r_79_tl_1_w1" custom="readingOrder {index:0;}">
                    <Coords points="1333,2747 1333,2807 1430,2807 1430,2747"/>
                    <TextEquiv>
                        <Unicode>Diese</Unicode>
                    </TextEquiv>
                </Word>
                <Word id="r_79_tl_1_w2" custom="readingOrder {index:1;}">
                    <Coords points="1441,2739 1441,2799 1578,2799 1578,2739"/>
                    <TextEquiv>
                        <Unicode>Gelehrte</Unicode>
                    </TextEquiv>
                </Word>
                <Word id="r_79_tl_1_w3" custom="readingOrder {index:2;}">
                    <Coords points="1599,2740 1599,2800 1648,2800 1648,2740"/>
                    <TextEquiv>
                        <Unicode>und</Unicode>
                    </TextEquiv>
                </Word>
                <Word id="r_79_tl_1_w4" custom="readingOrder {index:3;}">
                    <Coords points="1679,2742 1679,2802 1836,2802 1836,2742"/>
                    <TextEquiv>
                        <Unicode>Politische</Unicode>
                    </TextEquiv>
                </Word>
                <Word id="r_79_tl_1_w5" custom="readingOrder {index:4;}">
                    <Coords points="1857,2744 1857,2804 1973,2804 1973,2744"/>
                    <TextEquiv>
                        <Unicode>Zeitung</Unicode>
                    </TextEquiv>
                </Word>
                <Word id="r_79_tl_1_w6" custom="readingOrder {index:5;}">
                    <Coords points="1995,2745 1995,2805 2063,2805 2063,2745"/>
                    <TextEquiv>
                        <Unicode>wird</Unicode>
                    </TextEquiv>
                </Word>
                <Word id="r_79_tl_1_w7" custom="readingOrder {index:6;}">
                    <Coords points="2093,2745 2093,2805 2141,2805 2141,2745"/>
                    <TextEquiv>
                        <Unicode>des</Unicode>
                    </TextEquiv>
                </Word>
                <Word id="r_79_tl_1_w8" custom="readingOrder {index:7;}">
                    <Coords points="2163,2745 2163,2805 2309,2805 2309,2745"/>
                    <TextEquiv>
                        <Unicode>Montags</Unicode>
                    </TextEquiv>
                </Word>
                <TextEquiv>
                    <Unicode>Diese Gelehrte und Politische Zeitung wird des Montags</Unicode>
                </TextEquiv>
            </TextLine>
            <TextLine id="r_79_tl_2" custom="readingOrder {index:1;}">
                <Coords points="1413,2864 1725,2829 1980,2854 2220,2836 2218,2794 2151,2789 1411,2797"/>
                <Baseline points="1427,2821 1471,2824 1516,2821 1561,2821 1606,2824 1650,2824 1695,2824 1740,2824 1785,2821 1830,2824 1874,2824 1919,2824 1964,2827 2009,2827 2054,2827 2098,2827 2143,2827 2188,2827 2227,2824"/>
                <Word id="r_79_tl_2_w1" custom="readingOrder {index:0;}">
                    <Coords points="1428,2782 1428,2842 1482,2842 1482,2782"/>
                    <TextEquiv>
                        <Unicode>und</Unicode>
                    </TextEquiv>
                </Word>
                <Word id="r_79_tl_2_w2" custom="readingOrder {index:1;}">
                    <Coords points="1510,2782 1510,2842 1657,2842 1657,2782"/>
                    <TextEquiv>
                        <Unicode>Freytags</Unicode>
                    </TextEquiv>
                </Word>
                <Word id="r_79_tl_2_w3" custom="readingOrder {index:2;}">
                    <Coords points="1680,2784 1680,2844 1702,2844 1702,2784"/>
                    <TextEquiv>
                        <Unicode>in</Unicode>
                    </TextEquiv>
                </Word>
                <Word id="r_79_tl_2_w4" custom="readingOrder {index:3;}">
                    <Coords points="1724,2783 1724,2843 1773,2843 1773,2783"/>
                    <TextEquiv>
                        <Unicode>dem</Unicode>
                    </TextEquiv>
                </Word>
                <Word id="r_79_tl_2_w5" custom="readingOrder {index:4;}">
                    <Coords points="1812,2784 1812,2844 1998,2844 1998,2784"/>
                    <TextEquiv>
                        <Unicode>Kanterschen</Unicode>
                    </TextEquiv>
                </Word>
                <Word id="r_79_tl_2_w6" custom="readingOrder {index:5;}">
                    <Coords points="2031,2787 2031,2847 2206,2847 2206,2787"/>
                    <TextEquiv>
                        <Unicode>Buchladen</Unicode>
                    </TextEquiv>
                </Word>
                <TextEquiv>
                    <Unicode>und Freytags in dem Kanterschen Buchladen</Unicode>
                </TextEquiv>
            </TextLine>
            <TextLine id="r_79_tl_3" custom="readingOrder {index:2;}">
                <Coords points="1700,2896 1723,2896 1760,2878 1822,2886 1834,2898 1926,2883 1923,2834 1908,2831 1876,2839 1859,2829 1819,2836 1777,2826 1698,2844"/>
                <Baseline points="1713,2863 1758,2863 1803,2863 1848,2863 1892,2866 1931,2866"/>
                <Word id="r_79_tl_3_w1" custom="readingOrder {index:0;}">
                    <Coords points="1709,2823 1709,2883 1929,2883 1929,2823"/>
                    <TextEquiv>
                        <Unicode>ausgegeben.</Unicode>
                    </TextEquiv>
                </Word>
                <TextEquiv>
                    <Unicode>ausgegeben.</Unicode>
                </TextEquiv>
            </TextLine>
            <TextEquiv>
                <Unicode></Unicode>
            </TextEquiv>
        </TextRegion>
    </Page>
</PcGts>
