2479 3508
176 333 427 393 „Aufwartung
446 333 568 393 machen
593 331 716 391 müßte,
735 330 784 390 ehe
809 333 845 393 sie
858 333 907 393 ihm
944 330 1054 390 Gehör
1073 330 1152 390 gäbe

173 381 297 441 Dieser
318 380 442 440 Scherz
469 381 556 441 wäre
577 381 629 441 gut
650 380 810 440 gewesen,
837 380 924 440 wenn
956 380 1023 440 eine
1049 382 1188 442 lebhafte

172 432 237 492 und
259 431 465 491 hartnäckige
493 431 754 491 Vertheidigung
788 428 907 488 darauf
935 431 1059 491 gefolgt
1087 431 1190 491 wäre.

178 482 305 542 Allein,
332 479 379 539 die
401 481 554 541 Spanier
582 480 782 540 capitulirten
820 482 910 542 bald,
937 482 1000 542 und
1032 479 1180 539 erhielten

182 532 271 592 keine
293 530 388 590 andre
415 530 463 590 als
485 530 691 590 schimpfliche
718 530 989 590 Bedingungen.

480 577 558 637 III.
581 579 888 639 Kriegszucht.

234 625 298 685 Als
326 625 373 685 die
407 627 591 687 Schweden
624 630 716 690 1741
749 628 905 688 Rußland
933 628 986 688 den
1020 628 1117 688 Krieg
1150 623 1198 683 er¬

182 676 269 736 klärt
291 676 427 736 hatten;
454 679 481 739 so
503 679 601 739 schlug
629 679 699 739 man
727 679 754 739 in
782 676 836 736 der
858 679 1113 739 Versammlung
1146 673 1195 733 der

184 727 315 787 Städte
342 727 421 787 vor,
448 727 505 787 alle
532 727 600 787 die,
627 727 737 787 welche
759 727 1038 787 Schleichhandel
1054 724 1196 784 trieben,

178 775 247 835 auf
273 778 454 838 Zeitlebens
490 778 540 838 zum
585 777 872 837 Soldatenstande
903 778 932 838 zu
968 775 1199 835 verdammen.

207 873 342 933 'standes
368 873 544 933 werden?”
585 876 664 936 sagte
685 873 725 933 ein
751 876 947 936 Deputirter
973 875 1023 935 des
1044 873 1199 933 Bauren¬

411 924 507 984 dieses
539 924 656 984 Wort,
677 924 810 984 welches
836 924 892 984 von
923 924 1010 984 einer
1031 924 1194 984 erhabnen

189 921 315 981 standes
353 921 368 981 —

190 970 438 1030 Denkungsart
461 975 585 1035 zeigte,
618 972 769 1032 hinderte
797 974 845 1034 die
879 972 1192 1032 Bekanntmachung

183 1019 240 1079 des
264 1017 437 1077 Gesetzes.

441 1061 506 1121 IV.
537 1064 936 1124 Ausschweifung.

235 1114 315 1174 Der
339 1118 495 1178 Feldzug,
514 1115 565 1175 den
594 1115 646 1175 der
670 1115 792 1175 Herzog
821 1114 878 1174 von
908 1115 1082 1175 Mayenne
1106 1115 1192 1175 1586

186 1168 287 1228 gegen
317 1166 364 1226 die
383 1166 608 1226 Reformirten
644 1166 780 1226 führte,
805 1166 858 1226 fiel
876 1166 959 1226 nicht
978 1166 1001 1226 so
1031 1165 1120 1225 aus,
1150 1162 1197 1222 als

192 1216 272 1276 seine
296 1216 446 1276 Parthey
470 1216 585 1276 solches
615 1216 724 1276 gehoft
742 1216 846 1276 hatte.
905 1210 950 1270 Er
974 1213 1118 1273 beklagte
1142 1210 1188 1270 sich

191 1267 247 1327 bey
281 1267 394 1327 Hofe,
429 1267 502 1327 man
543 1267 633 1327 hätte
662 1267 712 1327 ihn
752 1267 860 1327 weder
889 1264 951 1324 mit
980 1264 1200 1324 Mannschaft

182 1313 252 1373 noch
291 1314 351 1374 mit
373 1312 477 1372 Gelde
505 1315 674 1375 versehen.
725 1316 773 1376 Ex
801 1318 976 1378 publicirte
1004 1318 1096 1378 sogar
1130 1315 1195 1375 eine

191 1363 349 1423 Schrift,
378 1365 542 1425 worinnen
577 1368 604 1428 er
628 1366 655 1426 zu
684 1366 831 1426 beweisen
866 1368 1076 1428 vermeynte,
1110 1363 1189 1423 "daß

197 1411 270 1471 "er,
303 1414 513 1474 ohngeachtet
535 1413 587 1473 der
609 1416 863 1476 ausgestandnen
895 1416 1201 1476 Widerwärtigkei¬

198 1458 286 1518 "ten,
308 1464 441 1524 dennoch
469 1464 568 1524 große
591 1464 707 1524 Dinge
724 1464 945 1524 ausgerichtet
968 1464 1089 1524 hätte."
1123 1463 1195 1523 Die

181 1510 410 1570 Reformirten
437 1512 649 1572 antworteten
682 1515 825 1575 darauf:
853 1512 958 1572 "seine
986 1515 1086 1575 große
1108 1512 1198 1572 Tha¬

197 1555 258 1615 "ten
295 1563 464 1623 bestünden
502 1563 687 1623 darinnen,
723 1566 780 1626 daß
812 1563 842 1623 er
873 1560 898 1620 in
936 1565 1095 1625 Gvienne
1127 1563 1193 1623 eine

185 1604 323 1664 "Dame
346 1610 401 1670 vom
446 1611 535 1671 ersten
563 1610 685 1670 Range
708 1612 913 1672 aufgehoben
952 1611 1007 1671 und
1041 1611 1174 1671 entführ

188 1652 328 1712 "hätte"

427 1656 489 1716 Ein
516 1657 698 1717 Vorwurf,
724 1658 776 1718 der
797 1658 885 1718 mehr
912 1658 958 1718 als
985 1658 1016 1718 zu
1042 1656 1130 1716 wohl
1152 1656 1198 1716 ge¬

182 1700 327 1760 gründet
346 1700 432 1760 war.
487 1700 606 1760 Kostet
624 1700 651 1760 in
683 1700 733 1760 der
756 1700 965 1760 Kanterschen
998 1698 1202 1758 Buchhand¬

183 1745 259 1805 lung
288 1745 420 1805 allhier,
437 1745 498 1805 wie
516 1745 587 1805 auch
615 1745 642 1805 in
671 1745 786 1805 Elbing
815 1745 876 1805 und
898 1745 1014 1805 Mitau
1042 1745 1080 1805 24
1109 1745 1164 1805 gr.

370 1929 548 1989 Antwort
582 1930 650 1990 auf
685 1930 753 1990 das
795 1929 1000 1989 Schreiben

248 2008 282 2068 im
324 2011 427 2071 59sten
455 2009 558 2069 Stück
587 2010 634 2070 der
656 2008 814 2068 gelehrten
850 2008 911 2068 und
932 2010 1118 2070 politischen

597 2070 776 2130 Zeitung.

330 2220 429 2280 Mein
466 2220 583 2280 Herr!

186 2296 266 2356 Ich
288 2291 382 2351 danke
396 2291 511 2351 Ihnen
539 2288 585 2348 für
607 2290 653 2350 die
668 2291 802 2351 gnädige
824 2294 965 2354 Strafe.
993 2297 1121 2357 Allein,
1136 2293 1176 2353 um

183 2342 250 2402 eine
274 2342 377 2402 kleine
394 2339 502 2399 Rache
520 2339 553 2399 an
577 2338 691 2398 Ihnen
720 2342 931 2402 auszuüben,
944 2345 983 2405 seh
1013 2348 1052 2408 ich
1081 2345 1189 2405 Ihren

194 2393 298 2453 Brief
317 2392 365 2452 als
391 2389 464 2449 eine
483 2386 734 2446 Ausforderung
759 2387 789 2447 im
827 2393 980 2453 kritischen
1011 2395 1103 2455 Felde
1134 2393 1195 2453 an.

186 2439 365 2499 Wohlan!
406 2437 493 2497 laßen
534 2435 609 2495 Sie
638 2435 714 2495 mich
749 2438 946 2498 versuchen,
982 2443 1016 2503 ob
1051 2443 1097 2503 ich
1132 2440 1184 2500 den

183 2491 296 2551 Ovid
331 2489 353 2549 in
394 2490 444 2550 der
479 2488 616 2548 Stelle,
645 2482 696 2542 die
725 2481 798 2541 Sie
828 2487 879 2547 zum
925 2491 1038 2551 Lachen
1068 2491 1181 2551 bringt

183 2541 252 2601 noch
288 2539 380 2599 wohl
404 2539 655 2599 rechtfertigen,
679 2532 742 2592 und
778 2533 853 2593 mich
889 2537 941 2597 bey
971 2540 1022 2600 den
1064 2540 1197 2600 Liebha=

192 2588 263 2648 bern
297 2587 352 2647 von
380 2590 518 2650 Hunden
551 2586 672 2646 bestens
706 2581 882 2641 empfehlen
916 2590 1015 2650 kann.
1066 2590 1187 2650 Setzen

187 2638 262 2698 Sie
284 2638 435 2698 voraus,
463 2638 517 2698 daß
544 2638 587 2698 die
609 2634 765 2694 Sprache
793 2629 846 2689 der
869 2635 955 2695 Alten
983 2639 1058 2699 stets
1091 2641 1187 2701 etwas

186 2685 475 2745 eigenthümliches
499 2685 532 2745 an
562 2687 612 2747 sich
636 2682 732 2742 habe.
784 2676 857 2736 Die
875 2681 988 2741 Sitten
1017 2688 1045 2748 zu
1080 2688 1182 2748 Ovids

176 2737 285 2797 Zeiten
313 2736 416 2796 waren
455 2733 575 2793 artiger
608 2735 657 2795 als
690 2730 717 2790 im
761 2728 1045 2788 homerischen
1084 2739 1192 2799 Alter.

182 2787 270 2847 Hier
293 2785 403 2845 müssen
431 2783 492 2843 wir
510 2781 542 2841 es
565 2781 625 2841 uns
659 2782 741 2842 nicht
770 2778 952 2838 verdrießen
981 2784 1102 2844 laßen,
1130 2787 1180 2847 daß

179 2832 211 2892 er
244 2835 309 2895 uns
342 2831 607 2891 unzähligemal,
646 2832 710 2892 und
749 2831 819 2891 noch
852 2827 928 2887 dazu
961 2831 1020 2891 mit
1048 2835 1177 2895 einerley

178 2885 311 2945 Worten
347 2885 527 2945 anmeldet,
557 2885 615 2945 wie
639 2884 720 2944 seine
744 2882 866 2942 Helden
895 2879 942 2939 sich
972 2882 1029 2942 satt
1047 2885 1181 2945 gegessen

1232 331 1295 391 und
1321 330 1522 390 getrunken,
1548 331 1604 391 ehe
1617 333 1654 393 sie
1674 335 1705 395 an
1744 333 1800 393 ihr
1820 333 1920 393 Werk
1946 333 2071 393 gehen.
2116 336 2242 396 Fragen

1235 380 1328 440 Sie,
1357 380 1467 440 warum
1507 380 1662 440 Virgil
1685 383 1745 443 und
1768 383 1868 443 andre
1891 383 2029 443 Dichter
2057 383 2112 443 bey
2141 383 2257 443 Schil¬

1231 428 1391 488 derungen
1423 428 1468 488 der
1490 430 1681 490 Schlachten
1708 434 1806 494 ganze
1827 432 1951 492 Reihen
1983 434 2040 494 von
2066 431 2257 491 unbekann=

1232 479 1280 539 ten
1313 479 1469 539 einzelnen
1503 480 1659 540 Namen,
1687 483 1741 543 (ich
1774 485 1887 545 nehme
1921 485 2024 545 einige
2051 482 2256 542 Stammvä¬

1230 527 1281 587 ter
1304 527 1360 587 von
1390 527 1628 587 Geschlechtern
1657 534 1753 594 aus,)
1776 533 1946 593 hinsetzen.
1998 536 2151 596 Nehmen
2186 532 2253 592 Sie

1226 576 1290 636 nun
1317 578 1386 638 an,
1408 578 1466 638 daß
1493 578 1541 638 die
1569 579 1685 639 Hunde
1718 581 1787 641 auch
1825 580 1877 640 bey
1916 581 1969 641 den
2007 585 2156 645 Römern
2188 583 2257 643 gel¬

1224 625 1303 685 ten,
1331 625 1394 685 wie
1422 625 1490 685 man
1523 625 1592 685 noch
1624 629 1704 689 heut
1731 631 1757 691 zu
1795 631 1885 691 Tage
1918 629 2024 689 Taxen
2062 634 2142 694 hat,
2174 634 2248 694 oder

1235 673 1299 733 wie
1321 673 1369 733 die
1392 673 1516 733 Araber
1543 673 1597 733 von
1625 679 1711 739 ihren
1738 680 1884 740 Pferden
1906 682 2247 742 Geschlechtsregister

1232 724 1383 784 führen,
1410 724 1453 784 die
1481 724 1518 784 ein
1551 724 1691 784 gewisser
1713 729 1843 789 Schalk
1865 728 1913 788 für
1941 730 2049 790 reiner
2071 733 2162 793 hält,
2195 735 2243 795 als

1232 773 1280 833 die
1297 774 1568 834 Stammbaume
1590 775 1638 835 der
1666 778 1866 838 Menschen:
1894 778 1921 838 so
1948 781 1991 841 seh
2019 781 2062 841 ich
2084 784 2165 844 nicht
2187 783 2252 843 ein,

184 819 276 879 „Und
303 824 369 884 was
395 822 472 882 wird
493 825 627 885 alsdenn
653 825 709 885 aus
731 825 777 885 der
798 824 921 884 Würde
937 825 988 885 des
1009 824 1194 884 Soldaten=
1236 822 1349 882 warum
1391 821 1499 881 Ovid
1525 825 1586 885 mit
1608 825 1659 885 der
1680 828 1896 888 angeführten
1927 827 2056 887 Menge
2087 831 2138 891 der
2160 831 2257 891 Hun¬

1237 870 1273 930 de
1295 870 1321 930 so
1343 873 1505 933 lächerlich
1532 873 1648 933 werde.
1696 876 1859 936 Homer
1881 879 1986 939 macht
2007 879 2038 939 es
2065 879 2133 939 noch
2160 879 2249 939 wohl

1232 921 1359 981 ärger,
1392 921 1480 981 wenn
1514 923 1569 983 er,
1603 922 1641 982 da
1674 921 1757 981 seine
1785 924 1906 984 Helden
1940 926 1967 986 im
2017 929 2144 989 Begrif
2172 930 2254 990 sind,

1238 969 1287 1029 sich
1315 971 1342 1031 zu
1371 969 1536 1029 schlagen,
1564 969 1613 1029 die
1642 969 1768 1029 Thaten
1802 970 1890 1030 ihrer
1912 975 2033 1035 Pferde
2067 978 2127 1038 und
2155 978 2243 1038 ihrer

1234 1016 1344 1076 Racen
1377 1017 1513 1077 erzählt.
1561 1017 1698 1077 Allein,
1725 1017 1809 1077 wozu
1836 1018 1967 1078 braucht
1989 1018 2020 1078 es
2041 1022 2093 1082 der
2120 1025 2246 1085 Menge

1231 1062 1282 1122 der
1309 1064 1459 1124 Hunde?
1485 1067 1656 1127 Vergeben
1687 1067 1759 1127 Sie
1781 1068 1811 1128 es
1838 1067 1884 1127 dem
1926 1064 2029 1124 Ovid
2055 1070 2164 1130 wegen
2195 1070 2247 1130 der

1237 1112 1364 1172 schönen
1401 1115 1512 1175 naiven
1544 1118 1607 1178 und
1639 1118 1744 1178 kurzen
1782 1120 1898 1180 Züge,
1936 1118 2057 1178 womit
2084 1117 2109 1177 er
2142 1120 2247 1180 einige

1238 1165 1396 1225 darunter
1419 1166 1572 1226 zeichnet.
1623 1167 1707 1227 Was
1736 1169 1803 1229 Sie
1827 1169 1860 1229 ad
1889 1169 2092 1229 Spectatores
2121 1169 2172 1229 ihn
2206 1172 2251 1232 sa=

1237 1218 1291 1278 gen
1318 1213 1448 1273 ließen,
1476 1214 1530 1274 das
1558 1216 1622 1276 war
1644 1217 1714 1277 eben
1747 1219 1801 1279 das
1835 1219 1991 1279 Schöne,
2030 1221 2083 1281 das
2122 1221 2149 1281 so
2182 1225 2257 1285 her¬

1230 1266 1414 1326 vorsticht,
1447 1264 1512 1324 wie
1545 1267 1599 1327 der
1632 1269 1719 1329 Reiz
1752 1270 1784 1330 an
1823 1270 2045 1330 gutgefleckten
2084 1273 2246 1333 Hunden.

1233 1318 1289 1378 So
1318 1318 1414 1378 findet
1437 1318 1482 1378 die
1506 1318 1704 1378 Dichtkunst
1722 1321 1790 1381 hier
1813 1322 1983 1382 Blumen,
2018 1324 2080 1384 wie
2104 1324 2160 1384 das
2189 1324 2251 1384 Au=

1233 1373 1271 1433 ge
1299 1369 1359 1429 mit
1393 1369 1448 1429 dem
1499 1371 1848 1431 Vergrößrungsglase
1882 1372 2065 1432 Blumen,
2110 1372 2154 1432 wo
2188 1372 2248 1432 erst

1235 1416 1430 1476 Schimmel
1452 1416 1533 1476 war.
1594 1419 1724 1479 Endlich
1762 1419 1832 1479 wär
1861 1419 1893 1479 es
1926 1422 1996 1482 noch
2034 1420 2186 1480 streitig,
2209 1422 2246 1482 ob

1232 1465 1302 1525 man
1335 1467 1384 1527 die
1406 1467 1700 1527 Verwandlungen
1733 1470 1788 1530 des
1816 1470 1924 1530 Ovids
1963 1470 2017 1530 zur
2045 1469 2240 1529 ernsthaften

1237 1515 1353 1575 Poesie
1375 1515 1501 1575 rechnen
1528 1518 1661 1578 könnte.
1714 1515 1793 1575 Wir
1809 1518 1931 1578 pflegen
1964 1521 2069 1581 nicht,
2096 1521 2243 1581 manches

1231 1563 1369 1623 Schöne
1396 1567 1486 1627 darin
1519 1566 1576 1626 von
1614 1568 1661 1628 der
1694 1566 2039 1626 komischschönen
2077 1571 2182 1631 Seite
2210 1571 2241 1631 zu

1226 1613 1428 1673 betrachten.
1493 1613 1594 1673 Denn
1637 1614 1685 1674 die
1718 1613 1819 1673 Fabel
1846 1614 1936 1674 selbst
1958 1616 2155 1676 interessiret
2183 1619 2246 1679 uns

1229 1658 1336 1718 nicht,
1360 1658 1490 1718 sondern
1524 1658 1570 1718 die
1594 1658 1809 1718 Einkleidung
1838 1661 1898 1721 und
1926 1661 2075 1721 zuweilen
2109 1661 2155 1721 der
2183 1663 2253 1723 ver¬

1235 1697 1335 1757 steckte
1362 1697 1476 1757 Sinn.
1531 1698 1649 1758 Einige
1673 1700 1896 1760 Kunstrichter
1914 1703 2014 1763 haben
2046 1706 2114 1766 eine
2142 1706 2255 1766 beson¬

1237 1742 1290 1802 dre
1315 1742 1465 1802 Gattung
1490 1744 1550 1804 von
1575 1743 1689 1803 Poesie
1713 1748 1761 1808 für
1786 1748 1846 1808 das
1864 1751 2075 1811 ovidische
2106 1756 2244 1816 Gedicht

1232 1793 1374 1853 erfinden
1399 1796 1534 1856 wollen.

1274 1898 1425 1958 Genung
1445 1900 1583 1960 indessen
1610 1901 1641 1961 zu
1667 1902 1768 1962 seiner
1788 1903 1965 1963 Rettung!
1998 1906 2105 1966 Unser
2125 1909 2244 1969 Streit

1231 1949 1289 2009 soll
1311 1951 1395 2011 keine
1417 1948 1506 2008 Hetze
1528 1948 1676 2008 werden.
1724 1951 1841 2011 Mags
1868 1953 1936 2013 doch
1969 1954 2148 2014 immerhin
2186 1959 2238 2019 der

1225 1999 1349 2059 Hunde
1372 2000 1399 2060 zu
1432 1999 1497 2059 viel
1514 2000 1618 2060 seyn,
1640 1998 1705 2058 wir
1727 2002 1836 2062 zählen
1869 2002 1951 2062 nicht
1973 2004 1995 2064 so
2017 2004 2148 2064 genau,
2176 2007 2235 2067 und

1235 2043 1274 2103 sie
1297 2049 1403 2109 beißen
1432 2046 1533 2106 nicht.

1614 2048 1686 2108 Ich
1713 2048 1800 2108 lerne
1827 2049 1889 2109 nur
1910 2052 1967 2112 aus
1993 2052 2045 2112 der
2061 2054 2231 2114 ovidischen

1232 2097 1370 2157 Stelle,
1393 2097 1420 2157 in
1454 2094 1736 2154 Beurtheilungen
1764 2097 1836 2157 auch
1864 2099 1947 2159 nicht
1964 2102 2014 2162 der
2042 2100 2163 2160 Absicht
2186 2106 2235 2166 des

1226 2145 1412 2205 Verfassers
1443 2142 1477 2202 zu
1513 2142 1693 2202 vergessen.
1770 2142 1840 2202 Die
1876 2147 2009 2207 Dichter
2039 2151 2138 2211 lieben
2180 2154 2232 2214 das

1232 2193 1492 2253 Wunderbare;
1522 2190 1565 2250 ein
1588 2192 1816 2252 Abendtheuer
1839 2193 1910 2253 kann
1944 2196 2071 2256 indessen
2106 2202 2166 2262 doch
2200 2204 2244 2264 lä¬

1232 2243 1353 2303 cherlich
1393 2237 1536 2297 werden.
1593 2243 1808 2303 Ohnfehlbar
1842 2243 1936 2303 haben
1975 2243 2047 2303 Sie
2075 2247 2141 2307 auch
2180 2250 2230 2310 den

1225 2291 1320 2351 Don
1366 2288 1536 2348 Sylvio
1577 2288 1621 2348 de
1656 2294 1848 2354 Rosalva
1889 2291 2036 2351 gelesen.
2105 2294 2228 2354 Wissen

1227 2342 1326 2402 Sie,
1349 2342 1415 2402 was
1438 2339 1476 2399 ich
1516 2336 1571 2396 von
1605 2339 1705 2399 diesem
1750 2342 1927 2402 witzvollen
1961 2342 2077 2402 Buche
2106 2345 2233 2405 denke?

1233 2393 1388 2453 Erstlich;
1417 2390 1446 2450 es
1481 2387 1538 2447 hat
1562 2387 1590 2447 zu
1625 2388 1694 2448 viel
1717 2393 1976 2453 Nachahmung.
2029 2393 2121 2453 Doch
2150 2399 2219 2459 man

1226 2439 1310 2499 bilde
1333 2442 1378 2502 sich
1407 2440 1480 2500 ein,
1503 2435 1554 2495 den
1588 2437 1718 2497 Grafen
1753 2441 2007 2501 Hamilton,
2036 2441 2086 2501 den
2121 2445 2217 2505 bester

1225 2488 1617 2548 Feenmährchenmacher
1647 2487 1698 2547 bey
1740 2491 1791 2551 den
1826 2490 1999 2550 Franzosen
2040 2491 2074 2551 zu
2110 2496 2230 2556 hören.

1231 2540 1375 2600 Sodann
1404 2537 1473 2597 halt
1485 2536 1525 2596 ich
1555 2534 1671 2594 dafür,
1700 2541 1752 2601 daß
1781 2540 1809 2600 es
1839 2542 1885 2602 den
1915 2538 2007 2598 Don
2036 2545 2238 2605 Qvichot¬

1217 2590 1252 2650 te
1277 2590 1300 2650 in
1330 2590 1426 2650 dieser
1450 2584 1664 2644 Zauberwelt
1683 2589 1760 2649 recht
1785 2590 1874 2650 wohl
1892 2590 2053 2650 vorstelle.
2114 2599 2232 2659 Jener

1223 2638 1309 2698 Held
1344 2639 1441 2699 schlug
1471 2635 1517 2695 die
1541 2638 1829 2698 Ritterromanen,
1847 2639 1904 2699 und
1933 2638 2026 2698 dieser
2049 2642 2100 2702 das
2118 2643 2216 2703 Ueber

1221 2688 1353 2748 triebne
1391 2684 1443 2744 der
1481 2684 1761 2744 Hexenmährchen
1805 2690 1830 2750 zu
1873 2685 2016 2745 Boden.

2091 2691 2224 2751 Endlich

1221 2736 1343 2796 kömmt
1365 2731 1397 2791 es
1424 2730 1482 2790 mir
1504 2730 1588 2790 nicht
1605 2732 1631 2792 so
1659 2736 1861 2796 unglaublich
1888 2737 1967 2797 vor,
1995 2739 2052 2799 daß
2085 2739 2138 2799 der
2171 2739 2239 2799 ent¬

1223 2783 1476 2843 zückungsvolle
1519 2787 1849 2847 schweizerische
1885 2787 2026 2847 Dichter
2062 2785 2079 2845 W

1225 2833 1313 2893 nicht
1330 2832 1402 2892 auch
1430 2829 1507 2889 diese
1524 2835 1812 2895 Schwärmereyen
1840 2838 1984 2898 gemacht
2006 2835 2100 2895 habe.
2128 2832 2222 2892 Don

1227 2882 1389 2942 Sylvio
1420 2882 1534 2942 spricht
1559 2882 1582 2942 in
1613 2888 1709 2948 seiner
1729 2888 1909 2948 Phantasie
1934 2885 1994 2945 mit
2013 2882 2108 2942 seiner
2127 2880 2235 2940 Prin=

2106 2934 2231 2994 zessin,
