2034 2755
81 157 954 258 liche Verblendung die Menschen nicht was da ist, son¬
81 223 950 290 dern was ihnen ihre Neigung vormahlt, der Natu=
83 266 952 332 raliensammler im Florentinerstein Stadte, der An¬
83 306 943 382 dächtige im gefleckten Marmor die Paßionsgeschich.
85 349 943 421 te, jene Dame durch ein Seherohr im Monde die
85 387 959 474 Schatten zweyer Verliebten, ihr Pfarrer aber zwey
314 526 732 620 Berlin, den 9. Febr.
120 559 952 666 Der Fürst von Schönaich zu Carolath, ist vor ei=
74 625 952 725 nigen Tagen aus Schlesien angekommen, und begab
81 666 535 756 lich gestern nach Potsdam.
314 732 708 804 Haag, den 5. Febr.
127 732 952 847 Der Erbprinz von Braunschweig langte mit sei=
79 806 952 891 ner Gemalin von Harwich den 2ten d. zu Helvoet=
74 839 950 928 Stuys an. Wegen des starken Sturms hat ihre
81 887 941 974 deberfahrt 4 Tage gewährt. Der Erbprinz stie,
81 926 952 1009 den 2ten des Abends gleich an Land, die Prinzeßin
74 974 943 1059 aber fuhr die Maas herunter bis nach Delfshaven
74 1007 946 1103 von da sie gestern zu Delft sanlangte, wohin des
83 1057 954 1138 Croprinzen Durchl. in Begleitung des Herzogs Lud=
76 1107 954 1177 wichs und des Großbrittannischen außerordentl. Ab¬
74 1142 946 1225 gesandten Ritters York, Jhro Königl. Hoheit entgegen
85 1188 952 1269 gesahren waren. Die Prinzeßin wurdehierauf in der
74 1225 943 1306 Neursche des Stadthalters mit einer Bedeckung der
81 1262 943 1347 Teidwache nach dem alten Hof gebracht, wo dieser
79 1304 946 1389 Prinz Höchstdieselbe bey Jhrem Aussteigen aus der
72 1345 950 1426 Neutsche empfieng, und in die Zimmer führete. Der
74 1384 948 1476 Starthalter gab daselbst den beyden Prinzen und der
72 1415 950 1516 Prinzeßin ein großes Mittags= und Nachtmal, des
74 1467 946 1555 Abends wohnte sämtliche hohe Gesellschaft der fran¬
72 1520 948 1596 zösischen Comödie bey. Die Abreise des Erbprinzen
72 1557 1823 1664 utd der Prinzeßin von Braunschweig ist den 8ten dieses neuen Ordens, welcher den Namen seiner Durch
70 1592 690 1684 von hier nach Deutschland festgesetzt.
273 1655 764 1721 Frankfurt, vom 5. Febr.
116 1679 948 1762 Den 25ten Jan. nahm der Geheimerath und Hes=
74 1714 946 1813 sencasselische Bevollmächtigte, Herr von Moser, zum
74 1758 941 1854 erstenmal seinen Sitz in der Versammlung des Ober=
74 1806 935 1889 cheinschen Creyses, welche an eben diesem Tage ihr
70 1839 939 1941 Zufriedenheit über die patriotische Wiederbeytretung
70 1887 937 1981 S. H. D. des Herrn Landgrafen nach einer 20jah=
72 1926 939 2016 rigen Trennung seines Hauses, in einem großen Fe¬
74 1968 932 2061 stin bezeigte. Heute langte der Churpfalzische Staats.
72 2011 928 2096 und Conferenzminister und erster Wahlbothschafter
70 2053 926 2140 Freyherr von Zettwitz allhier an; morgen oder über
66 2090 935 2184 morgen wird der Herr Fürst von Lichtenstein nach sei=
72 2136 926 2234 nem etlichtägigen Aufenthalt in Cranigstein, einem
70 2175 928 2265 bey Darmstadt gelegenen Jagdschlosse, in hiesigen
68 2214 928 2308 Stadt erwartet. Gestern verfügten sich die Depu
66 2260 932 2361 tirten des hiesigen Raths, in dem gewöhnlichen
68 2293 935 2398 Staatsaufzug nach dem Saalhof bey der Churbran¬
66 2339 926 2459 denburgischen hohen Wahlbothschaft die Bewillkom=
967 197 1841 262 Kirchthürme. Der Schrecken macht aus den Strah=
974 251 1843 312 len des Nordlichts Spiesse und Schwerdter und bey
970 293 1841 349 der Demmerung aus einem Wegweiser ein Riesenge¬
972 334 1088 400 spenst.
1133 369 1673 474 (Die Fortsetzung folgt künftig.)
970 544 1841 629 mungscomplimente abzulegen, und wurden daselbst
972 625 1837 668 zur Tafel gezogen. Heute Mittag gieng ein gleiches
972 666 1839 736 in Ansehung der Chursächsischen hohen Wahlboth=
974 703 1160 771 schaft vor.
1083 727 1725 797 Malchau im Mecklenb. d. 6. Febr.
1007 769 1837 843 Unsere gnädige Landesmutter stiftete den 3ten die¬
974 819 1826 884 ses, als an ihrem Geburtstage, den der Hof zu Lud
970 878 1837 924 wigslust feyerte, den Orden: Pour la Vertu, zur
976 913 1832 961 Ehre der drey Klöster, Dobertin, Malchau und Rib¬
970 959 1826 1011 nitz. Die Ordenszeichen sind für den zu Dobertin eir
970 1002 1830 1048 goldner blau emaillirter Stern, in dessen Mitte der
970 1044 1830 1096 Namenszug Sr. Hochf. Durchl. F. L. mit einer Rose
970 1085 1841 1133 von blauen seidenen Band; für den zu Malchau ein
967 1129 1832 1177 goldner blau emaillirter Stern an einer rothen Schlei¬
967 1175 1832 1225 fe, und für den zu Ribnitz ein blau emaillirter
967 1210 1828 1256 Stern auf einem goldenen Grunde an einer weißen
961 1249 1826 1302 Rose, mit dem Unterscheidungsmerkmal, daß die er¬
970 1295 1826 1347 ste Ordensdame eines jeden Klosters einen reich mit
967 1339 1823 1391 Brillanten besetzten Stern tragen darf. Die ordent
967 1387 1832 1430 lichen Bander sind von derselben Farbe mit den Ro¬
972 1424 1826 1478 senschleifen, mit diesem Unterscheide, daß die Adeli¬
967 1470 1823 1513 chen den Stern an einen breiten über die Schultern
970 1509 1823 1564 hangenden Bande, die Bürgerlichen aber am Halse
963 1555 1823 1601 an einer kleineren Rosenschleifetragen. Die Gesetze
954 1638 1826 1688 lauchtigen Stifterin verewigt, waren in blauen, ro¬
961 1671 1826 1738 then und weißen Sammet eingebunden, und wurden
959 1721 1793 1784 in die Archive der angeführten Klöster beygeleget.
1190 1756 1605 1819 Paris, den 26. Jan.
1002 1769 1817 1858 Ein 70jähriger Notarius von vielem Ansehen
954 1845 1826 1898 Namens Des Hayes, der durch seine Scheinheilig¬
954 1887 1821 1939 keit jedermann zu betrügen gewust, hat sich nach ei
954 1935 1828 1989 nem Banquerot von 800000. Livres unsichtbar ge¬
959 1976 1821 2029 macht. Man hat nachher erfahren, daß er so unor
954 2016 1826 2088 dentlich gelebt hat, als es für einen Mann seiner
950 2055 1461 2114 Jahre sonst kaum möglich ist.
996 2077 1823 2160 Der Hirtenunterricht des Erzbischofs von Paris
954 2127 1826 2199 besteht aus 4 Theilen, davon der erste die Ungültig¬
950 2186 1821 2234 keit der Parlamenter in Kirchenfachen, der 2te die
961 2223 1823 2284 Ungerechtigkeit ihres Verfahrens und ihrer Verab¬
954 2269 1817 2324 scheidungen gegen die Jesuiten, der 1te die falsche
959 2308 1823 2365 Beschuldigungen betrift, welche diesem Orden zur
954 2345 1821 2402 Last gelegt worden nebst einer Vertheidigung der Je¬
959 2391 1815 2468 suiten und ihrer Sittenlehre. Der 4te Artickel em=
1697 2444 1832 2509 pfiehlt
