2479 3508
292 354 363 414 Die
394 357 526 417 Tugend
556 357 682 417 mäßigt
701 354 772 414 klug
797 354 851 414 der
870 354 995 414 Freude
1020 354 1140 414 Feuer,

240 404 310 464 Und
338 404 441 464 macht
463 404 512 464 sich
534 406 594 466 auf
616 404 665 464 den
698 401 806 461 Sturm
851 401 1008 461 geschickt,

235 452 330 512 Heut
347 453 425 513 trift
442 452 599 512 Apollens
627 449 744 509 Bogen
773 454 856 514 den,
885 455 935 515 den
963 455 1047 515 seine
1070 452 1164 512 Leyer

245 505 324 565 Nur
347 503 465 563 gestern
493 503 567 563 noch
596 501 753 561 entzückt.

297 575 599 635 Weitschweifende
622 575 806 635 Entwürfe
829 575 1046 635 auszumessen

250 623 315 683 Ist
333 625 421 685 unser
449 625 515 685 Ziel
532 625 615 685 nicht
643 625 837 685 eingericht;

242 676 319 736 Der
342 673 435 733 Thor
458 676 535 736 wird
569 673 662 733 dieses
691 673 801 733 Maaß
835 673 884 733 bey
918 673 1022 733 seinem
1062 673 1150 733 Plan
1189 673 1266 733 ver=
1295 673 1405 733 wenig
1428 675 1682 735 vorgenommen
1705 679 1754 739 bey
1777 679 1826 739 dem
1865 679 2219 739 Heumannschen
2253 673 2324 733 Er¬

755 721 880 781 gessen,

250 770 303 830 Er
322 774 437 834 brauch
462 775 517 835 sein
548 773 639 833 heute
664 772 760 832 nicht.

304 846 379 906 Sey
405 846 595 906 mißtrausch
621 846 714 906 gegen
740 846 791 906 den
823 847 1012 907 zukünftgen
1045 849 1214 909 Morgen,

254 893 335 953 Wer
359 897 441 957 steht
465 896 535 956 fürs
559 897 670 957 Alters
694 894 769 954 Lust
788 894 834 954 dir
858 894 940 954 gut?

249 945 373 1005 Verlaß
397 945 444 1005 den
469 945 699 1005 Waffenplatz,
718 945 764 1005 die
783 945 907 1005 Stadt,
919 945 966 1005 die
984 945 1096 1005 finstre
1115 945 1268 1005 Sorgen,

261 995 418 1055 Verdunn
451 993 505 1053 bey
528 994 593 1054 mir
615 992 680 1052 dein
713 992 816 1052 Blut.

294 1064 372 1124 Der
401 1063 563 1123 Schatten
592 1064 715 1124 meiner
738 1062 816 1122 Ruh
845 1061 900 1121 soll
923 1061 967 1121 dir
991 1064 1175 1124 begegnen,

254 1115 332 1175 Kein
356 1115 500 1175 prächtig
524 1113 656 1173 Mahl,
681 1112 746 1172 kein
771 1111 902 1171 theurer
927 1107 1046 1167 Wein,

257 1166 332 1226 Das
358 1166 471 1226 Herz,
497 1166 554 1226 das
580 1166 661 1226 seine
687 1165 820 1225 Armuth
852 1165 971 1225 theilt,
991 1163 1092 1223 pflegt
1118 1160 1218 1220 GOtt
1238 1160 1262 1220 zu

763 1216 909 1276 segnen;

257 1267 330 1327 Sie
355 1265 411 1325 soll
430 1268 510 1328 ganz
536 1267 628 1327 deine
647 1265 732 1325 seyn.

301 1337 381 1397 Der
400 1342 603 1402 Silberteich
629 1340 678 1400 der
709 1342 789 1402 Flur
815 1340 1006 1400 verscheucht
1031 1339 1222 1399 Cytheren;

253 1390 325 1450 Sie
348 1392 437 1452 tanzt
455 1392 516 1452 mit
539 1393 678 1453 Grazien
708 1390 791 1450 nicht
814 1390 919 1450 mehr.

256 1440 365 1500 Durch
402 1443 535 1503 goldnes
565 1440 768 1500 Birkenlaub
804 1439 873 1499 läßt
903 1440 955 1500 sich
991 1439 1048 1499 kein
1078 1437 1148 1497 Lied
1183 1437 1275 1497 mehr

763 1488 886 1548 hören,

251 1537 327 1597 Der
351 1536 450 1596 Baum
492 1539 574 1599 steht
592 1539 815 1599 Blätterleer.

307 1608 401 1668 Doch
431 1610 483 1670 sieh
507 1610 519 1670 —
573 1610 625 1670 der
650 1610 767 1670 Herbst
792 1613 997 1673 versammlet
1016 1610 1098 1670 seine
1123 1610 1263 1670 Freuden

253 1658 300 1718 Um
338 1660 434 1720 seinen
467 1659 644 1719 glühenden
676 1658 826 1718 Camin;

256 1706 323 1766 Die
358 1709 510 1769 Musen,
534 1706 630 1766 denen
665 1704 795 1764 Scherz
824 1703 886 1763 und
915 1703 1051 1763 Tugend
1086 1700 1267 1760 himmlisch

760 1745 912 1805 kleiden,

261 1790 377 1850 Stehn
408 1793 487 1853 schon
519 1790 665 1850 vertraut
685 1787 721 1847 um
758 1789 831 1849 ihn.

314 1870 468 1930 Freund,
492 1868 581 1928 komm
623 1867 693 1927 noch
724 1867 747 1927 in
777 1867 829 1927 den
860 1867 1108 1927 blumenarmen
1139 1861 1268 1921 Garter

259 1921 308 1981 Um
353 1924 402 1984 den
430 1922 546 1982 umher
568 1921 612 1981 die
635 1921 772 1981 Gegend
801 1918 905 1978 stirbt,

261 1975 305 2035 Eh
335 1972 510 2032 überreifte
533 1972 714 2032 Trauben,
737 1972 787 2032 die
811 1972 878 2032 noch
907 1969 963 2029 auf
981 1966 1043 2026 dich
1072 1966 1213 2026 warten,

261 2022 334 2082 Der
358 2024 488 2084 Nächte
506 2022 602 2082 Frost
625 2020 805 2080 verdirbt=

316 2091 372 2151 Ich
399 2096 475 2156 will
488 2094 539 2154 den
565 2093 667 2153 Ernst
687 2093 737 2153 der
757 2091 962 2151 Einsamkeit
988 2091 1134 2151 vergessen
1174 2088 1186 2148 —

262 2147 362 2207 Fort,
390 2145 458 2205 was
485 2145 538 2205 der
565 2145 687 2205 Freude
709 2144 900 2204 Schranken
927 2140 1011 2200 setzt,

261 2195 340 2255 Wer
369 2194 442 2254 weiß
471 2193 493 2253 in
522 2193 634 2253 solches
658 2193 827 2253 Freundes
851 2193 912 2253 Arm
953 2190 986 2250 sie
1009 2191 1229 2251 abzumessen,

248 2246 324 2306 Ohn
358 2243 412 2303 daß
440 2243 467 2303 er
490 2242 528 2302 sie
556 2240 687 2300 verletzt

310 2315 420 2375 Komm
470 2315 630 2375 Freund,
668 2314 710 2374 ich
748 2312 883 2372 breche,
915 2315 951 2375 um
1008 2315 1074 2375 dein
1106 2315 1198 2375 Haar
1236 2311 1266 2371 zu

765 2362 935 2422 schmuͤcken

250 2417 363 2477 Schon
394 2414 556 2474 Myrthen
587 2410 647 2470 und
671 2411 827 2471 Orangen
858 2414 960 2474 Laub.

258 2470 366 2530 Schon
399 2467 469 2527 tritt
490 2463 540 2523 ins
560 2463 630 2523 Aug
657 2458 708 2518 des
728 2459 875 2519 Herzens
901 2461 1055 2521 innerstes
1075 2461 1248 2521 Entzücken

256 2518 369 2578 Schon
404 2518 455 2578 ists
478 2518 529 2578 der
558 2514 683 2574 Freude
707 2509 826 2569 Raub.

310 2585 381 2645 Die
401 2590 565 2650 Ahndung
592 2589 669 2649 sieht
697 2583 742 2643 den
775 2581 925 2641 schönsten
952 2586 1090 2646 Wunsch
1116 2587 1272 2647 erfüllen,

255 2639 333 2699 Der
356 2642 473 2702 sanften
507 2641 624 2701 Triebe
648 2636 743 2696 stiller
771 2629 933 2689 Schmerz

250 2688 417 2748 Vertraut
437 2688 473 2748 sie
500 2688 543 2748 dir
568 2688 630 2748 und
656 2687 749 2747 fliegt
775 2683 817 2743 die
843 2682 1024 2742 Heftigkeit
1049 2688 1073 2748 zu
1105 2685 1198 2745 stillen

252 2742 428 2802 Getheilt,
453 2739 611 2799 Freund,
637 2739 661 2799 in
692 2738 758 2798 dein
784 2733 887 2793 Herz.

1067 2780 1277 2840 Sarx.

1646 357 1960 417 Wittenberg.

1339 422 1443 482 „Bey
1474 428 1566 488 Joh.
1585 428 1719 488 Joachim
1763 431 1886 491 Ahlfeld
1912 431 1954 491 ist
1973 428 2317 488 herausgekommen:

1286 462 1361 522 2D.
1379 476 1459 536 Carl
1477 476 1617 536 Gottlob
1641 479 1837 539 Hofmanns
1861 482 1995 542 kurze
2019 480 2227 540 Antwort
2263 477 2320 537 auf

1313 517 1367 577 D.
1384 523 1428 583 C.
1450 527 1494 587 A.
1517 528 1715 588 Heumanns
1743 530 1897 590 Erweis,
1925 532 1979 592 daß
2008 530 2057 590 die
2079 530 2172 590 Lehre
2201 527 2250 587 der
2272 527 2316 587 re¬

1292 572 1492 632 „formirten
1530 576 1644 636 Kirche
1677 578 1736 638 vom
1785 580 1866 640 heil.
1893 580 2109 640 Abendmahl
2132 579 2186 639 die
2213 578 2315 638 rechte

1316 622 1389 682 'und
1412 625 1524 685 wahre
1542 625 1609 685 sey,
1632 628 1716 688 8vo,
1739 629 1869 689 1764.”
1932 628 2016 688 Wir
2045 628 2146 688 haben
2186 628 2248 688 uns
2282 625 2310 685 so

1289 721 1424 781 weise
1456 724 1518 784 und
1555 724 1607 784 der
1640 730 1973 790 Hofmannschen
2021 727 2235 787 Antwort
2262 726 2319 786 das

1297 772 1477 832 Präsidium
1520 775 1545 835 zu
1578 778 1816 838 übernehmen,
1832 778 1869 838 um
1912 778 2006 838 diesen
2039 778 2160 838 Streit
2176 778 2202 838 in
2235 778 2308 838 allen

1303 819 1407 879 Ehren
1441 825 1656 885 beyzulegen,
1684 827 1739 887 daß
1773 825 1838 885 wir
1861 828 2020 888 vielmehr
2054 826 2125 886 nach
2159 825 2208 885 der
2242 827 2319 887 Art,

1297 868 1417 928 womit
1435 873 1492 933 wir
1508 873 1555 933 des
1578 875 1651 935 seel.
1662 876 1704 936 D.
1710 876 1906 936 Heumanns
1927 876 2080 936 Codicill,
2092 873 2324 933 fideicommiß,

1294 919 1425 979 donatio
1446 924 1562 984 mortis
1583 924 1689 984 causa,
1700 924 1771 984 oder
1797 924 1857 984 wie
1873 924 1903 984 es
1929 924 2009 984 sonst
2025 927 2172 987 genannt
2193 924 2309 984 werden

1302 968 1391 1028 mag,
1408 970 1434 1030 da
1455 972 1486 1032 es
1513 972 1576 1032 doch
1603 974 1660 1034 kein
1682 972 1840 1032 zierliches
1862 974 1920 1034 und
1941 975 1967 1035 zu
1994 975 2094 1035 theol.
2116 975 2247 1035 Rechten
2274 974 2321 1034 be¬

1302 1017 1461 1077 ständiges
1493 1022 1684 1082 Testament
1706 1019 1866 1079 vorstellen
1892 1019 1990 1079 kann,
2016 1022 2223 1082 angezeiget,
2255 1022 2311 1082 von

1300 1064 1357 1124 der
1379 1070 1642 1130 gegenwärtigen
1675 1070 1822 1130 kurzen
1855 1067 2060 1127 Antwort
2093 1067 2139 1127 des
2172 1067 2218 1127 D.
2240 1070 2324 1130 Hof¬

1302 1112 1425 1172 manns
1451 1118 1538 1178 reden
1571 1121 1704 1181 wollen.
1731 1118 1818 1178 Herr
1839 1118 1885 1178 D.
1896 1115 2066 1175 Hofmann
2093 1115 2205 1175 führet
2222 1115 2314 1175 gleich

1298 1163 1358 1223 zum
1398 1166 1547 1226 Anfange
1581 1171 1647 1231 an,
1681 1169 1735 1229 daß
1769 1169 1819 1229 die
1848 1166 2096 1226 Heumannsche
2130 1166 2312 1226 Meynung

1303 1211 1363 1271 vom
1403 1216 1485 1276 heil.
1503 1216 1713 1276 Abendmahl
1736 1219 1813 1279 schon
1847 1217 1902 1277 vor
1925 1216 2024 1276 seinem
2063 1216 2158 1276 Tode
2180 1216 2241 1276 aus
2269 1213 2318 1273 der

1298 1261 1428 1321 Schule
1450 1267 1641 1327 geplaudert
1664 1269 1827 1329 gewesen,
1855 1269 1914 1329 und
1948 1269 2001 1329 daß
2029 1267 2078 1327 der
2106 1267 2182 1327 seel.
2199 1266 2313 1326 Mann

1304 1318 1514 1378 dieserwegen
1559 1318 1642 1378 seine
1670 1321 1785 1381 Stelle
1820 1321 1847 1381 in
1892 1320 1946 1380 der
1981 1318 2313 1378 hochwürdigen

1287 1369 1613 1429 theologischen
1649 1369 1860 1429 Facultät
1890 1369 1929 1429 zu
1964 1369 2211 1429 Göttingen
2252 1366 2325 1426 ver¬

1297 1416 1382 1476 loren
1409 1419 1515 1479 habe,
1542 1419 1600 1479 und
1634 1418 1692 1478 nur
1713 1416 1782 1476 bloß
1815 1418 1846 1478 in
1879 1419 1931 1479 der
1953 1417 2113 1477 Hofnung
2145 1416 2230 1476 einer
2263 1415 2326 1475 gu¬

1302 1467 1348 1527 ten
1380 1467 1562 1527 Besserung
1593 1467 1645 1527 das
1671 1467 1827 1527 Lehramt
1854 1470 1910 1530 auf
1943 1466 2030 1526 einer
2057 1467 2249 1527 berühmten
2286 1464 2332 1524 lu¬

1297 1516 1465 1576 therischen
1498 1518 1699 1578 Universität
1721 1518 1884 1578 erhalten.
1955 1518 2155 1578 Hiernächst
2178 1513 2269 1573 gehet
2286 1512 2313 1572 er

1302 1564 1349 1624 die
1371 1569 1630 1629 Heumannschen
1657 1566 1805 1626 Beweise
1827 1566 1874 1626 bis
1901 1566 1958 1626 auf
1980 1566 2028 1626 den
2060 1564 2118 1624 von
2139 1565 2186 1625 den
2213 1563 2319 1623 Buch=

1302 1616 1591 1676 druckergesellen,
1618 1614 1757 1674 Setzern
1794 1616 1855 1676 und
1882 1613 2088 1673 Correctoren
2125 1613 2321 1673 hergenom¬

1303 1660 1392 1720 men,
1412 1663 1595 1723 treufleißig
1620 1661 1734 1721 durch.
1794 1659 1853 1719 Da
1879 1661 1967 1721 Herr
1988 1661 2032 1721 D.
2052 1661 2226 1721 Hofmann
2261 1658 2319 1718 aus

1303 1704 1360 1764 dem
1408 1706 1518 1766 8osten
1547 1703 1658 1763 Stück
1692 1705 1739 1765 der
1769 1703 1931 1763 gelehrten
1960 1706 2119 1766 Anzeigen
2153 1704 2215 1764 aus
2239 1703 2330 1763 Göt¬

1303 1745 1411 1805 tingen
1446 1746 1598 1806 ersehen,
1633 1747 1691 1807 daß
1726 1747 1775 1807 die
1805 1748 1893 1808 Ehre
1923 1748 2006 1808 eines
2041 1751 2312 1811 hochberühmten

1301 1790 1355 1850 D.
1372 1793 1533 1853 Buddei,
1556 1793 1599 1853 D.
1622 1796 1766 1856 Musäi,
1789 1796 1838 1856 D.
1855 1799 2138 1859 Baumgartens,
2166 1799 2209 1859 D.
2232 1799 2326 1859 Spe=

1299 1846 1405 1906 ners,
1430 1846 1476 1906 D.
1495 1848 1720 1908 Weißmanns
1750 1849 1785 1909 u.
1803 1849 1833 1909 s.
1845 1849 1874 1909 f.
1899 1852 2034 1912 gerettet
2053 1852 2130 1912 sey,
2154 1852 2177 1912 so
2207 1850 2319 1910 glaubt

1300 1897 1333 1957 er
1356 1900 1531 1960 berechtigt
1549 1900 1577 1960 zu
1606 1901 1701 1961 seyn,
1730 1902 1775 1962 sich
1811 1903 1844 1963 in
1884 1903 1929 1963 die
1952 1903 2218 1963 Vertheidigung
2258 1903 2320 1963 die¬

1304 1948 1348 2008 ser
1389 1951 1575 2011 verdienten
1626 1951 1787 2011 Männer
1833 1954 1918 2014 nicht
1964 1954 2110 2014 einlaßen
2166 1952 2195 2012 zu
2251 1951 2321 2011 dör¬

1302 2002 1377 2062 fen.
1421 2002 1512 2062 Was
1535 2002 1691 2062 übrigens
1718 2002 1804 2062 Herr
1827 2002 1870 2062 D.
1892 2002 2059 2062 Hofmann
2086 2002 2145 2062 von
2173 2002 2221 2062 dem
2259 2001 2323 2061 kin¬

1297 2049 1414 2109 dischen
1441 2049 1531 2109 Alter
1553 2046 1600 2106 D.
1617 2052 1814 2112 Heumanns
1842 2051 2022 2111 anführet,
2049 2052 2118 2112 eine
2145 2051 2257 2111 Stelle
2289 2049 2310 2109 in

1304 2100 1404 2160 seiner
1431 2097 1611 2157 Antwort,
1643 2097 1696 2157 die
1723 2100 1818 2160 ihm,
1850 2100 1913 2160 wie
1945 2100 2003 2160 wir
2035 2102 2104 2162 nach
2142 2100 2194 2160 der
2226 2097 2315 2157 Liebe

1298 2149 1436 2209 hoffen,
1459 2148 1508 2208 als
1536 2145 1619 2205 einem
1664 2149 1958 2209 Gottesgelehrten
1992 2151 2058 2211 eben
2091 2151 2113 2211 so
2147 2153 2235 2213 sauer
2269 2150 2318 2210 ge¬

1297 2196 1459 2256 worden,
1485 2196 1530 2256 als
1556 2196 1642 2256 wenn
1678 2196 1718 2256 ein
1749 2197 1851 2257 Sohn
1877 2196 2029 2256 querelam
2070 2199 2252 2259 inofficiosi
2273 2196 2318 2256 te¬

1304 2246 1463 2306 stamenti
1479 2243 1637 2303 anstellet;
1664 2243 1690 2303 so
1712 2246 1834 2306 werden
1856 2246 1961 2306 unsere
1983 2246 2061 2306 Leser
2078 2247 2199 2307 sowohl
2216 2246 2310 2306 dieses

1304 2297 1353 2357 als
1389 2297 1459 2357 eine
1490 2291 1721 2351 anderweitige
1752 2297 1938 2357 Anecdote,
1964 2295 2019 2355 von
2055 2297 2109 2357 der
2140 2297 2316 2357 Unzufrie¬

1307 2348 1461 2408 denheit,
1487 2343 1606 2403 womit
1632 2342 1699 2402 man
1735 2344 1760 2404 in
1802 2347 1988 2407 Hannover
2024 2345 2086 2405 und
2123 2345 2308 2405 Göttingen

1298 2398 1377 2458 über
1399 2397 1446 2457 die
1468 2390 1736 2450 Heumannschen
1768 2396 2083 2456 Unternehmungen
2116 2396 2158 2456 die
2180 2393 2308 2453 Achseln

1298 2449 1466 2509 gezogen,
1494 2445 1553 2505 mit
1576 2440 1734 2500 mehreren
1767 2446 1821 2506 aus
1855 2446 1903 2506 der
1925 2444 2127 2504 angezeigten
2161 2446 2318 2506 Antwort

1299 2497 1449 2557 ersehen.
1480 2496 1519 2556 Zu
1543 2491 1595 2551 dem
1631 2495 1857 2555 Schlußgebet
1876 2494 1973 2554 fehlet
1998 2494 2050 2554 das
2068 2497 2219 2557 Amen,
2243 2496 2317 2556 wel¬

1298 2546 1364 2606 ches
1409 2545 1470 2605 wir
1504 2539 1626 2599 hiemit
1661 2540 1721 2600 mit
1750 2545 1866 2605 beyden
1911 2545 2050 2605 Händen
2090 2548 2318 2608 hinzufügen.

1303 2598 1416 2658 Kostet
1439 2595 1461 2655 in
1490 2593 1541 2653 der
1564 2590 1773 2650 Kanterschen
1808 2596 2074 2656 Buchhandlung
2097 2599 2233 2659 allhier,
2250 2599 2312 2659 wie

1296 2649 1367 2709 auch
1398 2649 1427 2709 in
1452 2644 1571 2704 Elbing
1601 2641 1661 2701 und
1692 2645 1805 2705 Mitau
1835 2646 1870 2706 12
1901 2646 1954 2706 gr.
