2034 2755
421 953 1509 1026 8tes Stück. Montag, den 27. Februar. 1764.
431 1043 614 1122 Beschluß
292 1088 753 1189 des Versuchs
187 1153 861 1245 über die Krankheiten des Kopfes.
101 1223 949 1301 er Mensch im Zustande der Natur kann nur we=
94 1268 953 1346 nig Thorheiten und schwerlich einiger Narrheit
99 1311 955 1384 unterworfen seyn. Seine Bedürfnisse halten ihn je¬
99 1365 946 1425 verzeit nahe an der Erfahrung, und geben seinem ge¬
109 1397 946 1464 sunden Verstande eine so leichte Beschäftigung, daß er
101 1442 946 1509 raum bemerkt, er habe zu seinen Handlungen Ver¬
101 1477 949 1535 stand nöthig. Seinen groben und gemeinen Begier¬
99 1528 944 1580 den giebt die Trägheit eine Mäßigung, welche der
101 1567 949 1627 wenigen Urtheilskraft die er bedarf Macht gnug läßt,
94 1597 951 1670 über sie, seinem größesten Vortheile gemäß zu herrschen.
99 1642 944 1711 Wo solte er wohl zur Narrheit Stoff hernehmen, da
94 1687 946 1745 er um anderer Urtheil unbekümmert weder eitel noch
94 1734 940 1784 aufgeblasen seyn kann? Indem er von dem Werthe
105 1775 953 1829 ungenossener Güter gar keine Vorstellung hat, so ist
94 1807 944 1876 er vor die Ungereimtheit der filzigen Habsucht ge¬
105 1850 942 1912 sichert und weil in seinen Kopf niemals einiger Witz
97 1891 944 1953 Eingang findet, so ist er eben so wohl gegen allen
101 1929 940 1990 Aberwitz gut verwahret. Gleichergestalt kann die
94 1964 946 2039 Stöhrung des Gemuths in diesem Stande der Ein¬
105 2015 946 2071 falt nur selten statt finden. Wenn das Gehirn des
105 2056 951 2112 Wilden einigen Anstoß erlitten hätte, so weis ich nicht
94 2097 944 2168 wo die Phantasterey herkommen solte, um die ge¬
92 2136 940 2211 wöhnliche Empfindungen, die ihn allein unablaßig
94 2176 944 2234 beschäftigen, zu verdrengen. Welcher Wähnsinn kann
94 2221 940 2279 ihm wohl anwandeln, da er niemals Ursache hat, sich
92 2258 1814 2320 en seinem Urtheile weit zu versteigen? Der Wahnwitz=kraft nachhero sich bedienet um sie zu vergleichen. Die¬
90 2301 949 2391 aber ist gewiß ganz und gar über seine Fahigkeit. Er
962 1015 1818 1095 wird, wenn er im Kopfe krank ist, entweder blödsin¬
968 1082 1811 1131 nig oder toll seyn, und auch dieses muß höchst selten
970 1122 1811 1183 geschehen, denn er ist mehrentheils gesund, weil er
970 1165 1816 1217 frey ist und Bewegung hat. In der bürgerlichen
970 1206 1818 1253 Verfassung finden sich eigentlich die Gährungsmittel
974 1247 1803 1303 zu allem diesem Verderben, die, wenn sie es gleic
968 1288 1814 1339 nicht hervorbringen, gleichwohl es zu unterhalten und
974 1331 1811 1384 zu vergrößeren dienen. Der Verstand, in so ferne er
974 1371 1814 1427 zu den Nothwendigkeiten und den einfältigen Ver¬
968 1414 1814 1457 gnügungen des Lebens zureicht, ist ein gesunder
968 1451 1814 1500 Verstand, in wie ferne er aber zu der gekünstelten
970 1489 1818 1539 Ueppigkeit, es sey im Genusse oder in den Wissen¬
972 1532 1805 1584 schaften, erfordert wird, ist der feine Verstand
974 1575 1809 1618 Der gesunde Verstand des Bürgers wäre also schon
968 1616 1818 1665 ein sehr feiner Verstand vor den natürlichen Men¬
974 1659 1811 1708 schen und die Begriffe, die in gewissen Ständen ei¬
964 1700 1807 1749 nen feinen Verstand voraussetzen, schicken sich nich
962 1741 1811 1786 mehr für diejenige, welche der Einfalt der Natur,
970 1779 1811 1835 zum wenigsten in Einsichten, näher sind, und machen
962 1820 1803 1872 wenn sie zu diesen übergehen, aus ihnen gemeinig
968 1863 1814 1910 lich Narren. Der Abt Terrasson unterschei¬
968 1904 1809 1949 det irgendwo die von gestöhrtem Gemüthe
970 1951 1799 1992 in solche, welche aus falschen Vorstellungen richti
972 1987 1809 2037 schliessen, und in diejenige, die aus richtigen Vor¬
972 2028 1811 2080 stellungen auf eine verkehrte Art schließen. Diese
974 2071 1816 2123 Eintheilung stimmet mit den vorgetragenen Sätzen
972 2105 1809 2155 wohl überein. Bey denen von der ersteren Art, den
970 2146 1811 2206 Phantasten, oder Verrückten, leidet der Verstand ei¬
968 2198 1811 2245 gentlich nicht, sondern nur das Vermögen, welches in
968 2230 1814 2281 der Seele die Begriffe erweckt, deren die Urtheils¬
968 2314 1809 2393 sen Kranken kann man sehr wohl Vernunfturtheile
1734 2359 1826 2410 ent=
