2479 3508
183 354 273 414 Der
296 356 499 416 Oberrichter
523 345 601 405 hielt
625 342 680 402 sein
704 342 963 402 Versprechen¬

1016 342 1108 402 Was
1134 342 1202 402 leh=

191 403 241 463 ret
259 404 337 464 diese
361 398 610 458 Begebenheit?
639 386 713 446 Die
730 392 883 452 Unschuld
912 392 957 452 sey
991 392 1036 452 ein
1071 390 1201 450 mächti¬

192 458 244 518 ger
272 455 405 515 Zeuge,
425 448 485 508 und
519 442 572 502 der
606 440 738 500 billigste
767 440 892 500 Richter
927 442 1026 502 müsse
1053 440 1100 500 oft
1127 442 1193 502 sehr

439 597 632 657 Altona,
667 601 723 661 vom
775 604 837 664 21.
861 607 956 667 Aug.

245 650 423 710 Künftigen
453 649 661 709 Donnerstag
691 651 736 711 als
766 652 818 712 den
847 652 951 712 23sten
981 654 1107 714 August
1137 652 1200 712 sind

195 703 259 763 100
292 695 400 755 Jahre
422 697 605 757 verflossen,
621 697 675 757 daß
702 697 777 757 diese
805 700 912 760 Stadt
935 703 988 763 von
1021 703 1069 763 dem
1113 700 1204 760 hoch¬

196 748 306 808 seligen
334 742 460 802 Könige
482 745 640 805 Friedrich
662 747 709 807 dem
752 747 883 807 Dritten
916 751 968 811 das
995 750 1122 810 Stadt=
1138 749 1196 809 und

191 794 419 854 Bürgerrecht
441 792 599 852 erhalten,
621 793 801 853 weswegen
828 798 854 858 in
887 798 960 858 allen
987 798 1119 858 Kirchen
1152 798 1194 858 ein

187 843 361 903 Dankfest
384 837 463 897 wird
491 840 628 900 gefeyret
650 843 798 903 werden.

374 889 694 949 Weserstrom,
723 891 786 951 vom
834 894 897 954 14.
922 894 1013 954 Aug.

185 987 300 1047 molirt
334 989 483 1049 werden,
516 994 582 1054 und
616 994 665 1054 die
693 994 937 1054 Außenwerker
976 992 1036 1052 sind
1070 992 1191 1052 bereits
1231 992 1296 1052 tion
1325 990 1379 1050 und
1408 989 1579 1049 Provision
1613 992 1717 1052 halten
1746 992 1889 1052 müssen;
1917 992 1977 1052 und
2006 990 2044 1050 sie
2066 991 2154 1051 sollen
2177 992 2226 1052 als

191 1037 373 1097 geschleift.

460 1094 618 1154 Haag,
643 1094 697 1154 vom
753 1094 813 1154 20.
838 1095 929 1155 Aug.

194 1190 240 1250 jor
266 1193 322 1253 von
349 1193 400 1253 der
421 1192 637 1252 Infanterie,
663 1190 910 1250 Commendant
931 1193 982 1253 von
1014 1192 1204 1252 Steenber¬

186 1241 240 1301 gen
271 1237 332 1297 und
363 1237 519 1297 Mitglied
550 1236 600 1296 des
631 1234 731 1294 hohen
768 1238 990 1298 Kriegsraths
1026 1237 1076 1297 der
1102 1237 1207 1297 verei¬

181 1284 290 1344 nigten
321 1279 508 1339 Provinzen
540 1282 643 1342 Jacob
670 1283 820 1343 Diedrich
846 1285 960 1345 Baron
992 1282 1043 1342 von
1075 1282 1189 1342 Linden

192 1332 254 1392 auf
276 1330 502 1390 Blitterswyck
534 1330 601 1390 nach
639 1333 723 1393 einer
750 1333 981 1393 langwierigen
1013 1330 1197 1390 Krankheit
1229 1330 1329 1390 haben
1366 1330 1429 1390 100
1466 1327 1534 1387 Pf.
1556 1330 1734 1390 bewilliget
1761 1330 1908 1390 worden.
1961 1330 2029 1390 Die
2061 1329 2213 1389 Blattern

189 1378 218 1438 im
261 1379 367 1439 57sten
397 1377 492 1437 Jahr
517 1378 611 1438 seines
641 1378 765 1438 Alters.

427 1425 629 1485 London,
654 1426 713 1486 vom
761 1425 826 1485 10.
850 1427 939 1487 Aug.

231 1473 311 1533 Vor
335 1475 451 1535 einigen
486 1473 590 1533 Tagen
620 1475 677 1535 fing
707 1473 747 1533 ein
782 1475 909 1535 hiesiger
933 1470 1054 1530 Fischer
1078 1470 1100 1530 in
1142 1467 1187 1527 der

192 1524 333 1584 Themse
356 1526 440 1586 einen
469 1524 582 1584 Lachs,
605 1524 656 1584 der
679 1522 718 1582 37
747 1524 859 1584 Pfund
883 1521 893 1581 6
922 1521 995 1581 Loth
1018 1521 1108 1581 wog,
1126 1517 1198 1577 wel=

183 1575 254 1635 chen
278 1577 307 1637 er
332 1575 456 1635 sogleich
486 1576 515 1636 an
551 1578 634 1638 einen
664 1575 889 1635 westindischen
920 1574 1062 1634 Schiffer
1080 1572 1133 1632 für
1151 1569 1186 1629 37

181 1625 318 1685 Schill.
338 1627 518 1687 verkaufte.

299 1681 371 1741 Aus
402 1682 493 1742 einem
542 1679 718 1739 Schreiben
767 1676 822 1736 von
859 1675 1090 1735 Neu=Yorck,

555 1727 614 1787 von
656 1730 715 1790 21.
745 1729 833 1789 Jul.

240 1778 319 1838 Den
350 1781 442 1841 18ten
474 1779 565 1839 Julii
585 1781 621 1841 ist
640 1781 688 1841 der
714 1781 744 1841 zu
776 1781 898 1841 Sandy
929 1778 1034 1838 Hoock
1053 1775 1200 1835 errichte=

184 1825 221 1885 te
245 1825 342 1885 große
365 1825 579 1885 Wachtthurm
621 1825 676 1885 zum
724 1824 895 1884 erstenmal
923 1822 1090 1882 erleuchtet
1114 1819 1197 1879 wor¬

185 1870 265 1930 den.
319 1869 366 1929 Es
390 1867 486 1927 stellet
506 1867 639 1927 derselbe
663 1867 730 1927 eine
755 1864 888 1924 Zeckigte
908 1864 1013 1924 Figur
1038 1864 1113 1924 dar,
1148 1859 1200 1919 in¬

186 1918 245 1978 dem
286 1915 316 1975 er
336 1915 396 1975 aus
417 1913 431 1973 8
462 1912 587 1972 gleichen
622 1911 737 1971 Seiten
768 1909 918 1969 bestehet.
964 1909 1039 1969 Der
1064 1906 1194 1966 Durch¬

191 1969 304 2029 schnitt
320 1963 351 2023 an
382 1962 428 2022 der
455 1960 651 2020 Grundlage
672 1960 708 2020 ist
729 1960 765 2020 29
791 1957 847 2017 und
874 1957 905 2017 am
941 1954 1070 2014 obersten
1097 1951 1194 2011 Theil

183 2020 235 2080 der
259 2017 387 2077 Mauer
411 2011 445 2071 15
469 2011 550 2071 Fuß.
604 2008 673 2068 Die
697 2008 825 2068 Laterne
849 2006 883 2066 ist
902 2005 913 2065 7
937 2002 1000 2062 Fuß
1024 2002 1117 2062 hoch,
1130 2002 1187 2062 und

183 2067 230 2127 ihr
255 2062 398 2122 Umfang
423 2058 458 2118 ist
477 2059 518 2119 33
543 2059 632 2119 Fuß.
681 2055 751 2115 Sie
783 2057 818 2117 ist
836 2055 974 2115 gänzlich
1010 2052 1070 2112 aus
1094 2052 1183 2112 Eisen

184 2112 384 2172 verfertigt,
411 2109 469 2169 und
496 2109 554 2169 mit
575 2109 702 2169 Kupfer
724 2108 861 2168 gedeckt,
888 2106 945 2166 und
972 2104 1014 2164 die
1031 2103 1183 2163 darinnen

187 2163 371 2223 befindliche
399 2160 513 2220 Lampe
535 2160 606 2220 kann
639 2160 671 2220 an
699 2160 736 2220 48
764 2160 862 2220 Orten
890 2157 1096 2217 angezündet
1118 2154 1194 2214 wer¬

187 2214 264 2274 den.
309 2211 392 2271 Das
421 2211 515 2271 ganze
543 2211 704 2271 Gebäude
727 2208 782 2268 von
816 2208 871 2268 der
894 2209 994 2269 Erden
1033 2207 1066 2267 an
1100 2205 1138 2265 ist
1167 2205 1177 2265 9

195 2261 383 2321 Stockwerk
400 2261 502 2321 hoch,
530 2260 589 2320 und
611 2257 714 2317 macht
736 2255 757 2315 in
791 2258 860 2318 allem
904 2257 963 2317 103
991 2254 1055 2314 Fuß
1077 2253 1104 2313 in
1137 2254 1185 2314 der

188 2313 289 2373 Höhe
318 2314 396 2374 aus.
447 2309 520 2369 Der
549 2306 633 2366 Herr
661 2308 762 2368 Isaac
791 2306 897 2366 Conro
926 2305 1038 2365 allhier
1067 2303 1106 2363 ist
1129 2302 1179 2362 der

194 2363 402 2423 Baumeister
430 2357 524 2417 dieses
545 2356 720 2416 Thurms,
741 2357 868 2417 welcher
896 2360 942 2420 für
964 2356 1003 2416 ein
1031 2351 1186 2411 Meister=
1213 2353 1307 2413 Herr
1328 2351 1564 2411 Kronwächter
1592 2359 1712 2419 Czerny
1740 2359 1800 2419 und
1828 2360 1881 2420 der
1902 2360 2016 2420 oberste
2037 2360 2205 2420 Notarius

198 2414 269 2474 stück
297 2408 459 2468 geschätzet
480 2405 571 2465 wird.

387 2453 702 2513 Copenhagen,
732 2452 779 2512 den
815 2458 880 2518 17.
904 2456 998 2516 Aug.

235 2503 282 2563 Am
325 2503 414 2563 ersten
446 2504 536 2564 dieses
564 2498 712 2558 Monats
734 2500 770 2560 ist
787 2500 812 2560 im
855 2505 982 2565 Sunde
1004 2499 1046 2559 ein
1073 2497 1178 2557 harter

182 2554 301 2614 Sturm
340 2551 497 2611 gewesen,
525 2551 579 2611 der
601 2548 677 2608 viele
699 2549 829 2609 Schiffe
852 2553 906 2613 von
940 2549 1026 2609 ihrem
1070 2548 1184 2608 Anker¬

188 2602 306 2662 plätzen
335 2602 487 2662 getrieben
516 2599 589 2659 hat,
612 2596 679 2656 doch
708 2597 747 2657 ist
765 2602 826 2662 nur
850 2605 889 2665 ein
924 2601 1036 2661 großes
1059 2597 1177 2657 offenes

195 2651 354 2711 Fahrzeug
387 2649 438 2709 auf
458 2646 508 2706 den
541 2644 668 2704 Strand
701 2648 874 2708 gerathen.

250 2700 386 2760 Charles
414 2694 509 2754 Town
538 2694 564 2754 in
592 2694 852 2754 Südcarolina,
873 2700 928 2760 vom
969 2700 1030 2760 21.
1051 2697 1132 2757 Jul.

236 2751 316 2811 Das
358 2746 548 2806 Unterhaus
595 2742 641 2802 der
682 2746 937 2806 Versammlung
972 2751 1017 2811 der
1047 2745 1174 2805 hiesigen

188 2805 342 2865 Provinz
367 2801 419 2861 hat
438 2796 485 2856 für
509 2793 556 2853 die
586 2796 705 2856 neulich
729 2796 937 2856 angelangten
961 2800 1020 2860 und
1045 2797 1091 2857 von
1116 2796 1162 2856 dem

177 2858 318 2918 Könige
353 2845 643 2905 recommendirten
683 2847 910 2907 französischen
950 2847 1176 2907 Protestanten

180 2911 249 2971 500
282 2909 345 2969 Pf.
359 2905 429 2965 St.
455 2900 634 2960 bewilligt.
699 2898 756 2958 Es
789 2900 994 2960 übernimmt
1027 2900 1090 2960 auch
1129 2899 1180 2959 die

1236 340 1397 400 vorsichtig
1439 339 1536 399 seyn,
1560 343 1774 403 ohngeachtet
1803 345 1902 405 vieles
1943 343 2116 403 Anscheins
2152 342 2238 402 nicht

1229 392 1324 452 gleich
1343 392 1375 452 zu
1401 389 1591 449 urtheilen,
1623 391 1687 451 und
1713 390 1845 450 Gefahr
1878 395 1902 455 zu
1941 395 2080 455 laufen,
2100 395 2151 455 die
2177 391 2246 451 Un¬

1227 441 1332 501 schuld
1355 441 1382 501 zu
1411 437 1639 497 verdammen.

1233 601 1430 661 Bezahlung
1470 601 1520 661 der
1552 595 1667 655 Kosten
1706 600 1738 660 um
1784 601 1859 661 Sr.
1886 605 1988 665 Maj.
2014 604 2225 664 Instruction

1234 654 1265 714 zu
1292 652 1387 712 Folge
1408 649 1551 709 zwischen
1578 649 1704 709 unserer
1726 649 1879 709 Provinz
1901 652 1958 712 und
1985 652 2228 712 Nordcarolina

1227 698 1297 758 eine
1319 700 1657 760 Jurisdictionslinie
1680 700 1706 760 zu
1740 700 1865 760 ziehen.
1915 698 2023 758 Nicht
2035 700 2166 760 minder
2183 703 2236 763 hat

1230 748 1366 808 dasselbe
1393 748 1477 808 einen
1504 747 1588 807 Fond
1625 747 1682 807 auf
1699 746 1714 806 6
1752 747 1894 807 Monate
1921 747 2142 807 angewiesen,
2174 751 2211 811 um

1226 795 1317 855 einem
1353 795 1657 855 commandirenden
1689 795 1825 855 Officier
1851 795 1937 855 einen
1973 793 2064 853 Sold
2100 795 2161 855 von
2187 797 2227 857 25

1234 843 1302 903 Pf.
1334 843 1413 903 einen
1445 843 1656 903 Sergeanten
1683 843 1714 903 18
1752 843 1815 903 Pf.
1831 843 1894 903 und
1921 840 2005 900 einem
2043 842 2126 902 jeden
2164 843 2216 903 von

1228 891 1267 951 25
1296 891 1473 951 Gemeinen
1508 891 1542 951 15
1577 891 1645 951 Pf.
1669 894 1863 954 monathlich
1898 891 1927 951 zu
1967 891 2144 951 ertheilen,
2174 891 2241 951 wo¬

235 934 303 994 Die
326 939 721 999 Hauptvestungswerker
750 940 778 1000 in
807 942 993 1002 Oldenburg
1028 942 1117 1002 sollen
1146 942 1197 1002 de=
1226 942 1282 1002 bey
1316 939 1446 999 dieselbe
1475 941 1547 1001 ihre
1576 942 1666 1002 eigne
1695 941 1836 1001 Pferde,
1865 939 2017 999 Waffen,
2052 942 2232 1002 Ammuni¬

1228 1043 1343 1103 Jäger
1355 1043 1545 1103 (Rangers)
1557 1043 1609 1103 zur
1627 1043 1841 1103 Beschützung
1865 1041 1910 1101 der
1928 1042 1980 1102 den
1998 1040 2217 1100 Streifereyen

1226 1093 1279 1153 der
1301 1094 1566 1154 Creeckindianer
1588 1094 1624 1154 am
1662 1094 1783 1154 meisten
1821 1096 2028 1156 ausgesetzten
2060 1091 2230 1151 südwestli¬

238 1142 362 1202 Allhier
386 1142 527 1202 verstarb
550 1142 600 1202 den
641 1142 731 1202 15ten
766 1142 862 1202 dieses
896 1145 947 1205 der
976 1142 1197 1202 Generalma=
1226 1142 1293 1202 chen
1328 1145 1543 1205 Grenzplätze
1578 1145 1753 1205 gebraucht
1776 1143 1923 1203 werden.
1998 1142 2127 1202 Endlich
2162 1141 2223 1201 sind

1228 1193 1296 1253 auch
1332 1195 1386 1255 dem
1430 1193 1603 1253 Sallone,
1647 1191 1726 1251 oder
1761 1190 1810 1250 dem
1860 1190 2072 1250 sogenannten
2107 1189 2225 1249 jungen

1228 1243 1370 1303 Krieger
1390 1240 1449 1300 von
1474 1237 1600 1297 Estatoe
1626 1236 1684 1296 und
1714 1236 1837 1296 einigen
1877 1234 1989 1294 andern
2024 1234 2205 1294 Jrockeesen

1229 1287 1342 1347 welche
1368 1285 1414 1345 sich
1451 1285 1533 1345 eines
1574 1282 1801 1342 mörderischen
1843 1282 1971 1342 Creecks
2008 1282 2224 1342 bemächtiget

1226 1375 1323 1435 haben
1360 1376 1494 1436 zeithero
1530 1375 1623 1435 unter
1650 1378 1700 1438 den
1742 1377 1871 1437 Creecks
1903 1377 1933 1437 so
1959 1378 2031 1438 sehr
2068 1378 2227 1438 gewütet,

1220 1422 1274 1482 daß
1307 1423 1377 1483 man
1416 1425 1475 1485 uns
1509 1425 1694 1485 versichert,
1722 1425 1749 1485 es
1782 1425 1885 1485 wären
1924 1425 2016 1485 unter
2049 1428 2212 1488 denselben

1223 1473 1280 1533 von
1310 1473 1345 1533 50
1380 1470 1625 1530 Kriegesleuten
1649 1476 1689 1536 40
1719 1476 1811 1536 daran
1841 1476 2021 1536 gestorben.

1481 1524 1663 1584 Genua,
1687 1524 1743 1584 vom
1796 1525 1858 1585 25.
1888 1524 1967 1584 Jul.

1269 1572 1358 1632 Man
1394 1575 1584 1635 versichert,
1626 1575 1685 1635 daß
1721 1575 1768 1635 der
1799 1575 2018 1635 Wienerische
2043 1575 2226 1635 Minister,

1222 1619 1351 1679 welcher
1379 1622 1411 1682 an
1439 1624 1488 1684 den
1521 1625 1585 1685 Hof
1608 1622 1677 1682 nach
1711 1622 1852 1682 Lissabon
1885 1625 2069 1685 gegangen,
2092 1624 2129 1684 um
2173 1625 2221 1685 die

1227 1673 1431 1733 Erwählung
1460 1676 1521 1736 und
1550 1676 1708 1736 Krönung
1731 1676 1782 1736 des
1811 1676 1980 1736 römischen
2020 1675 2144 1735 Königs
2179 1673 2223 1733 be¬

1220 1726 1324 1786 kannt
1342 1727 1371 1787 zu
1400 1730 1545 1790 machen,
1569 1727 1702 1787 zugleich
1726 1727 1760 1787 um
1807 1728 1853 1788 die
1883 1730 2063 1790 Prinzeßin
2098 1727 2220 1787 Maria

1230 1779 1395 1839 Francisca
1423 1781 1605 1841 Benedicta
1633 1781 1693 1841 von
1727 1781 1931 1841 Portugall,
1965 1781 2075 1841 welche
2103 1779 2218 1839 gestern

1227 1822 1276 1882 ihr
1301 1828 1393 1888 18tes
1424 1828 1510 1888 Jahr
1535 1831 1744 1891 angetreten,
1776 1833 1830 1893 für
1862 1831 1960 1891 diesen
1991 1832 2138 1892 Prinzen
2170 1831 2225 1891 an¬

1224 1867 1332 1927 halten
1364 1869 1430 1929 soll.

1500 1914 1672 1974 Tours,
1699 1917 1750 1977 den
1777 1921 1845 1981 30.
1872 1918 1958 1978 Jul.

1269 1955 1339 2015 Die
1370 1960 1659 2020 außerordentliche
1689 1963 1783 2023 Hitze
1813 1963 1836 2023 in
1872 1965 1925 2025 den
1961 1966 2061 2026 letzten
2103 1967 2208 2027 Tagen

1222 2005 1277 2065 des
1300 2005 1427 2065 vorigen
1466 2008 1521 2068 und
1561 2008 1588 2068 im
1639 2011 1788 2071 Anfange
1816 2011 1871 2071 des
1906 2014 2032 2074 jetzigen
2072 2015 2216 2075 Monats

1221 2052 1274 2112 hat
1306 2052 1508 2112 verursacht,
1541 2055 1599 2115 daß
1631 2057 1710 2117 viele
1738 2058 2020 2118 Seidenwürmer
2052 2061 2211 2121 gestorben

1224 2104 1310 2164 seyn,
1333 2103 1392 2163 und
1420 2103 1555 2163 dennoch
1583 2103 1637 2163 soll
1660 2106 1686 2166 in
1719 2108 1893 2168 Touraine
1920 2109 2007 2169 mehr
2035 2109 2143 2169 Seide
2165 2112 2213 2172 als

1221 2151 1250 2211 im
1292 2151 1416 2211 vorigen
1446 2154 1534 2214 Jahr
1559 2154 1730 2214 gewonnen
1760 2158 1818 2218 und
1843 2160 1890 2220 die
1914 2160 2020 2220 Seide
2044 2160 2097 2220 soll
2116 2162 2209 2222 dabey

1229 2202 1349 2262 stärcker
1380 2201 1434 2261 und
1466 2205 1671 2265 dauerhafter
1691 2208 1781 2268 seyn.

1440 2254 1705 2314 Warschau,
1730 2258 1783 2318 den
1819 2261 1883 2321 20.
1914 2261 2007 2321 Aug.

1265 2297 1403 2357 Gestern
1428 2300 1529 2360 trafen
1567 2306 1617 2366 der
1649 2307 1736 2367 Herr
1769 2309 1907 2369 Bischof
1926 2312 1982 2372 von
2020 2312 2133 2372 Culm,
2159 2311 2208 2371 der

1216 2402 1306 2462 Herr
1329 2399 1510 2459 Zapatsky,
1528 2402 1555 2462 in
1584 2409 1781 2469 Begleitung
1811 2410 1867 2470 von
1896 2408 1952 2468 100
1987 2408 2088 2468 Mann
2111 2408 2218 2468 Kron¬

1215 2452 1307 2512 garde
1331 2450 1360 2510 zu
1389 2448 1511 2508 Pferde
1535 2453 1598 2513 mit
1616 2458 1668 2518 den
1704 2460 2012 2520 Reichs=Insigniis
2048 2455 2105 2515 aus
2135 2458 2215 2518 Cra,

1217 2500 1269 2560 kau
1303 2497 1423 2557 allhier
1451 2499 1523 2559 ein,
1558 2507 1671 2567 welche
1698 2509 1724 2569 in
1765 2509 1818 2569 das
1853 2508 1965 2568 hiesige
1999 2502 2126 2562 Schloß
2153 2508 2213 2568 zur

1216 2547 1441 2607 Verwahrung
1474 2554 1621 2614 gebracht
1641 2559 1788 2619 wurden.
1841 2553 1924 2613 Der
1944 2551 2200 2611 Wahlschuppen

1212 2598 1253 2658 ist
1272 2596 1389 2656 bereits
1414 2599 1490 2659 ganz
1514 2607 1627 2667 fertig,
1651 2608 1680 2668 er
1704 2607 1739 2667 ist
1763 2605 1834 2665 über
1864 2599 1899 2659 20
1936 2602 2095 2662 Klafftern
2131 2605 2201 2665 lang

1208 2646 1270 2706 und
1293 2646 1304 2706 8
1339 2646 1464 2706 Klafter
1488 2652 1584 2712 breit,
1613 2655 1681 2715 oben
1717 2655 1773 2715 mit
1791 2649 1893 2709 Stroh
1917 2649 2036 2709 gedeckt
2048 2649 2105 2709 und
2128 2652 2202 2712 runz

1210 2694 1243 2754 um
1288 2696 1349 2756 mit
1377 2697 1529 2757 Brettern
1568 2703 1787 2763 verschlagen,
1815 2699 1977 2759 inwendig
2012 2700 2072 2760 mit
2101 2702 2207 2762 rothen

1217 2744 1303 2804 Tuch
1325 2745 1476 2805 tapezirt,
1498 2752 1525 2812 in
1559 2754 1607 2814 den
1645 2748 1818 2808 Schoppen
1851 2747 1911 2807 sind
1944 2748 2019 2808 rund
2052 2748 2149 2808 herum
2187 2755 2203 2815 2

1215 2796 1336 2856 Reihen
1376 2800 1549 2860 Bänken,
1589 2801 1768 2861 ausserhalb
1801 2796 1975 2856 demselben
2020 2795 2058 2855 ein
2104 2798 2212 2858 Wall,

1217 2847 1355 2907 zwischen
1408 2850 1540 2910 welchen
1587 2853 1649 2913 und
1696 2847 1748 2907 dem
1813 2847 1991 2907 Schoppen
2044 2847 2199 2907 ebenfalls

1218 2900 1262 2960 ins
1289 2900 1307 2960 4
1334 2902 1391 2962 Eck
1425 2903 1437 2963 3
1470 2908 1597 2968 Reihen
1624 2900 1758 2960 Bäncke
1785 2900 1875 2960 sind,
1901 2900 1958 2960 auf
1985 2894 2113 2954 welchen
2152 2900 2203 2960 bis

2123 2955 2208 3015 zwey
