2479 3508
268 343 325 403 von
355 345 771 405 Mecklenburg=Strelitz
790 345 853 405 mit
876 345 922 405 der
946 343 1084 403 Königl.
1096 343 1275 403 Prinzessin

263 395 376 455 Louisa
403 395 527 455 Anna,
553 392 656 452 wird,
683 392 744 452 wie
771 392 828 452 wir
849 392 921 452 jetzo
947 395 1175 455 vernehmen,
1202 392 1289 452 nicht

265 445 342 505 eher
363 443 409 503 als
435 440 492 500 bey
524 443 575 503 der
606 443 746 503 nächsten
782 443 1040 503 Versammlung
1077 443 1134 503 des
1166 443 1294 503 Parla¬

265 493 373 553 ments
406 488 465 548 vor
499 493 547 553 sich
580 494 711 554 gehen,
744 492 836 552 indem
885 491 1021 551 dasselbe
1055 491 1103 551 die
1131 491 1288 551 Mitgabe

269 543 317 603 für
349 542 499 602 gedachte
526 545 713 605 Prinzessin
751 545 782 605 zu
820 542 1007 602 bestimmen
1045 544 1125 604 hat,
1163 539 1296 599 welche,

269 594 295 654 so
327 589 395 649 viel
417 589 486 649 man
523 592 703 652 vorgängig
736 592 831 652 weis,
842 592 868 652 in
895 592 1006 652 50000
1038 592 1149 652 Pfund
1171 589 1292 649 Sterl.

264 640 403 700 bestehen
437 637 537 697 wird.
616 643 705 703 Man
744 641 811 701 sagt
840 643 945 703 auch,
974 640 1068 700 uuser
1097 640 1174 700 Hof
1197 637 1286 697 wäre

274 694 335 754 mit
367 691 413 751 dem
465 691 671 751 Spanischen
702 691 811 751 wegen
853 688 997 748 gewisser
1023 688 1281 748 Einrichtungen

269 739 621 799 übereingekommen,
658 739 694 799 um
736 741 813 801 allen
855 738 1016 798 künftigen
1053 738 1285 798 Beschwerden

275 789 303 849 in
332 786 473 846 Absehen
502 789 558 849 auf
581 789 626 849 die
649 789 864 849 Holzfällung
887 788 909 848 in
938 788 988 848 der
1006 789 1187 849 Honduras
1210 786 1283 846 Bay

266 837 521 897 vorzubeugen.
572 837 693 897 Jedoch
722 837 816 897 heißt
833 837 866 897 es
889 838 944 898 zur
972 837 1066 897 selben
1094 837 1183 897 Zeit,
1200 834 1294 894 Eng¬

274 891 346 951 land
377 888 480 948 werde
501 888 552 948 nie
574 888 764 948 verstatten,
791 886 847 946 daß
878 886 1038 946 Spanien
1080 888 1121 948 ein
1152 883 1296 943 Etablis¬

277 939 398 999 sement
414 939 519 999 wegen
547 938 599 998 des
626 939 880 999 Negerhandels
918 936 975 996 auf
1002 936 1055 996 der
1087 936 1192 996 Küste
1224 930 1282 990 von

278 986 411 1046 Guinea
438 987 613 1047 errichtete,
634 987 695 1047 wie
727 986 804 1046 diese
836 987 948 1047 Krone
980 987 1186 1047 Vorhabens
1218 983 1279 1043 seyn

276 1034 350 1094 soll.
398 1034 487 1094 Mau
520 1034 657 1094 rechnet,
684 1031 736 1091 daß
768 1031 784 1091 7
811 1031 991 1091 Millionen
1023 1031 1076 1091 zur
1092 1031 1287 1091 Abzahlung

282 1085 333 1145 der
356 1082 673 1142 Nationalunkosten
708 1079 759 1139 für
793 1079 849 1139 das
884 1079 991 1139 nächst
1021 1080 1162 1140 künftige
1196 1081 1292 1141 Jahr

281 1131 484 1191 erforderlich
515 1130 581 1190 seyn
613 1127 760 1187 werden.

326 1181 399 1241 Aus
428 1181 479 1241 dem
520 1178 638 1238 Briefe
667 1178 752 1238 eines
781 1178 1019 1238 Französischen
1054 1175 1235 1235 Colonisten

473 1228 529 1288 von
558 1228 819 1288 Port=Royal,
848 1228 899 1288 den
928 1228 990 1288 25.
1013 1225 1103 1285 Jun.

327 1276 407 1336 Wir
430 1281 554 1341 langten
587 1281 657 1341 nach
695 1279 781 1339 einer
798 1278 895 1338 Reise
923 1279 977 1339 von
1015 1275 1052 1335 50
1086 1276 1193 1336 Tagen
1232 1273 1285 1333 den

279 1333 375 1393 12ten
403 1333 516 1393 Aprill
538 1330 564 1390 zu
592 1328 867 1388 Charles=Town
900 1330 964 1390 an,
992 1327 1051 1387 und
1078 1327 1207 1387 wurden
1240 1325 1294 1385 all=

278 1381 315 1441 da
342 1381 430 1441 wohl
452 1381 668 1441 empfangen.
726 1378 794 1438 Die
826 1378 1016 1438 Regierung
1048 1378 1100 1438 der
1132 1377 1290 1437 Provinz

285 1428 541 1488 Süd=Carolina
574 1428 726 1488 ertheilet
754 1427 841 1487 jeder
863 1428 1021 1488 Person,
1060 1428 1114 1488 die
1142 1426 1217 1486 über
1245 1425 1282 1485 16

278 1479 373 1539 Jahr
400 1479 441 1539 alt
463 1479 499 1539 ist
521 1479 605 1539 100,
622 1479 679 1539 und
706 1477 791 1537 einem
833 1477 917 1537 jeden
950 1478 1055 1538 Kinde
1077 1476 1113 1536 50
1140 1476 1282 1536 Morgen

282 1529 426 1589 Landes.
471 1530 653 1590 Vorläufig
682 1527 737 1587 hat
759 1527 792 1587 sie
815 1527 875 1587 uns
909 1527 1020 1587 hieher
1048 1527 1219 1587 geschickt,
1248 1524 1291 1584 wo

279 1577 343 1637 wir
371 1578 429 1638 mit
452 1578 527 1638 allem
571 1578 624 1638 auf
646 1577 700 1637 das
727 1575 910 1635 reichlichste
938 1578 1083 1638 versehen
1111 1575 1191 1635 sind.
1219 1574 1294 1634 In¬

282 1625 378 1685 dessen
411 1625 448 1685 ist
476 1625 502 1685 in
541 1625 713 1685 Ansehung
752 1625 860 1685 unsrer
888 1625 1027 1685 Colonie
1061 1622 1179 1682 bereits
1212 1624 1287 1684 alles

285 1673 465 1733 festgesetzt,
481 1674 542 1734 und
569 1673 625 1733 wir
652 1673 775 1733 werden
807 1673 1028 1733 unverzüglich
1055 1673 1126 1733 nach
1153 1671 1204 1731 der
1230 1670 1286 1730 uns

281 1721 476 1781 bestimmten
512 1721 673 1781 Gegend,
704 1718 753 1778 die
784 1718 854 1778 sehr
880 1718 975 1778 gutes
1006 1715 1086 1775 Land
1122 1715 1201 1775 hat,
1232 1715 1292 1775 und

285 1766 429 1826 geschickt
447 1764 508 1824 ist,
531 1763 641 1823 alles,
663 1760 733 1820 was
760 1760 817 1820 nur
844 1760 1011 1820 verlanget
1033 1757 1139 1817 wird,
1170 1755 1301 1815 hervor¬

286 1811 490 1871 zubringen,
513 1808 679 1868 abgehen.
730 1805 807 1865 Der
830 1806 929 1866 Platz
952 1803 990 1863 ist
1019 1802 1118 1862 etwas
1152 1802 1207 1862 von
1246 1801 1296 1861 der

288 1861 359 1921 See
382 1861 552 1921 entlegen;
581 1858 608 1918 er
636 1858 713 1918 wird
741 1858 829 1918 Long
852 1858 945 1918 Cane
968 1855 1133 1915 genannt,
1161 1855 1221 1915 und
1250 1854 1304 1914 ge¬

284 1912 360 1972 hört
385 1915 413 1975 zu
444 1913 602 1973 gedachter
627 1910 780 1970 Provinz
805 1911 1088 1971 Süd=Carolina.
1147 1906 1229 1966 Wir
1254 1908 1300 1968 ge¬

283 1966 388 2026 nießen
416 1966 477 2026 alle
499 1963 700 2023 Vortheile,
728 1960 772 2020 die
801 1960 862 2020 wir
885 1960 945 2020 nur
968 1960 1129 2020 wünschen
1158 1960 1302 2020 können.

287 2011 330 2071 Es
353 2014 417 2074 sind
440 2014 558 2074 bereits
581 2011 646 2071 500
679 2011 793 2071 Pfund
821 2011 847 2071 zu
875 2011 1060 2071 Gebäuden
1088 2011 1147 2071 und
1175 2011 1293 2071 andern

286 2062 418 2122 Werken
456 2062 667 2122 aufgebracht
695 2061 848 2121 worden.
907 2058 981 2118 Die
1013 2060 1166 2120 Provinz
1199 2058 1309 2118 unter¬

283 2113 354 2173 hält
377 2115 426 2175 die
443 2112 603 2172 Colonie.
654 2112 726 2172 Sie
754 2109 842 2169 giebt
870 2109 931 2169 uns
959 2109 1070 2169 Ochsen
1104 2109 1164 2169 und
1192 2109 1303 2169 Kühe,

288 2162 350 2222 und
371 2163 563 2223 überhaupt
585 2162 688 2222 alles,
714 2158 782 2218 was
813 2157 870 2217 wir
897 2160 1078 2220 brauchen,
1105 2157 1156 2217 bis
1178 2157 1239 2217 wir
1261 2157 1286 2217 im

287 2212 426 2272 Stande
452 2211 513 2271 seyn
546 2208 700 2268 werden,
726 2208 782 2268 von
820 2209 866 2269 dem
902 2208 1005 2268 Lande
1026 2208 1088 2268 und
1115 2205 1222 2265 unsern
1249 2207 1305 2267 Ar¬

277 2258 383 2318 beiten
410 2255 547 2315 Früchte
575 2258 824 2318 einzuerndten.
877 2255 956 2315 Mit
978 2258 1063 2318 einem
1095 2256 1227 2316 Worte,
1238 2257 1296 2317 wir

288 2307 351 2367 sind
380 2306 414 2366 am
455 2303 547 2363 besten
582 2306 755 2366 versorget,
779 2306 836 2366 und
865 2306 980 2366 können
1009 2309 1130 2369 sagen,
1154 2306 1205 2366 daß
1240 2306 1297 2366 wir

290 2356 373 2416 recht
399 2356 540 2416 glücklich
568 2351 650 2411 sind.

513 2399 767 2459 Warschau,
808 2402 870 2462 vom
916 2405 955 2465 1.
979 2405 1057 2465 Oct.

332 2452 406 2512 Von
449 2452 544 2512 denen
587 2449 704 2509 welche
736 2449 815 2509 beym
863 2455 1293 2515 Convocationsreichstage

284 2506 386 2566 wider
408 2503 570 2563 denselben
603 2499 652 2559 sich
691 2497 929 2557 manifestiret,
956 2506 1097 2566 kommen
1130 2503 1195 2563 nach
1234 2505 1292 2565 und

283 2557 354 2617 nach
383 2557 443 2617 alle
466 2554 583 2614 wieder
611 2549 672 2609 mit
689 2547 777 2607 ihren
807 2549 951 2609 Recessen
985 2554 1051 2614 hier
1080 2554 1146 2614 ein,
1169 2554 1229 2614 und
1247 2552 1302 2612 ha¬

288 2605 339 2665 ben
368 2605 480 2665 solches
509 2605 576 2665 auch
605 2599 695 2659 selbst
719 2595 769 2655 des
798 2597 900 2657 Herrn
929 2602 1290 2662 Krongroßmarschalls

284 2650 420 2710 Grafen
449 2652 635 2712 Biellinski
659 2648 737 2708 Exc.
755 2646 891 2706 gethan,
914 2652 1123 2712 ohngeachtet
1141 2652 1208 2712 Sie
1226 2652 1299 2712 ihre

283 2702 448 2762 Activität
471 2702 537 2762 doch
565 2700 648 2760 nicht
671 2697 743 2757 eher
771 2694 820 2754 als
843 2694 914 2754 nach
943 2697 993 2757 der
1021 2703 1181 2763 Krönung
1221 2700 1298 2760 wie¬

285 2752 343 2812 der
374 2751 508 2811 erhalten
545 2748 685 2808 können.
751 2742 886 2802 Gestern
922 2745 1015 2805 frühe
1046 2751 1139 2811 gegen
1175 2751 1186 2811 3
1222 2754 1292 2814 Uhr

280 2802 383 2862 haben
425 2799 499 2859 Se.
517 2799 593 2859 Erl.
611 2799 755 2859 Herman
785 2793 866 2853 Carl
884 2793 935 2853 des
964 2795 1016 2855 H.
1040 2802 1149 2862 Röm.
1168 2802 1289 2862 Reichs

283 2849 381 2909 Graf
404 2849 456 2909 von
491 2847 693 2907 Kaiserling,
717 2847 815 2907 Ihro
839 2841 983 2901 Kaiserl.
1001 2847 1099 2907 Maj.
1122 2849 1180 2909 von
1209 2850 1284 2910 allen

284 2903 419 2963 Reußen
448 2895 584 2955 wirklich
613 2897 884 2957 Geheimterrath
913 2897 977 2957 und
1006 2900 1292 2960 Großbothschaf=

1325 345 1371 405 ter
1395 345 1429 405 an
1458 345 1533 405 Sr.
1551 348 1654 408 Maj.
1667 348 1718 408 den
1753 349 1863 409 König
1898 346 1961 406 und
1996 345 2042 405 die
2072 345 2239 405 Republik
2268 349 2326 409 von

1327 393 1470 453 Polen,
1497 395 1610 455 Ritter
1642 395 1698 455 der
1735 398 1843 458 Orden
1885 398 1941 458 vom
1993 397 2044 457 H.
2066 395 2236 455 Andreas,
2262 398 2318 458 vom

1331 443 1447 503 weissen
1476 443 1574 503 Adler
1599 443 1656 503 und
1686 447 1744 507 vom
1785 449 1965 509 Alexander
1977 446 2140 506 Newski,
2164 446 2192 506 im
2228 443 2332 503 69sten

1340 493 1431 553 Jahr
1456 494 1552 554 Dero
1577 495 1692 555 Alters
1715 497 1790 557 Ihr
1819 500 1917 560 Leben
1941 499 2119 559 geendigt.

2156 494 2232 554 Von
2263 494 2339 554 wel=

1334 542 1396 602 cher
1419 542 1629 602 Wichtigkeit
1647 547 1742 607 dieser
1777 550 1880 610 grosse
1909 548 2192 608 Staatsminister
2227 545 2255 605 in
2290 545 2346 605 sei¬

1324 592 1376 652 nem
1430 592 1551 652 ganzen
1589 592 1683 652 Leben
1727 598 1891 658 gewesen,
1913 598 2034 658 werden
2077 598 2124 658 die
2151 595 2241 655 durch
2278 593 2325 653 ihn

1327 640 1512 700 verrichtete
1538 641 1636 701 grosse
1663 646 1884 706 Handlungen
1921 647 2034 707 reden.
2081 648 2174 708 Sein
2210 645 2344 705 entseel¬

1331 688 1371 748 ter
1401 688 1528 748 Körper
1546 691 1627 751 wird
1657 694 1714 754 auf
1738 696 1814 756 seine
1843 697 2006 757 Erbgüter
2030 699 2099 759 nach
2129 700 2274 760 Curland
2298 696 2349 756 ab¬

1330 742 1466 802 geführt
1489 739 1636 799 werden.

1534 792 1849 852 Königsberg,
1874 797 1927 857 den
1963 795 2028 855 12.
2058 795 2141 855 Oct.

1376 837 1588 897 Verwichnen
1621 843 1764 903 Montag
1791 846 1918 906 reiseten
1951 846 2003 906 des
2025 846 2227 906 regierenden
2259 846 2344 906 Für¬

1324 885 1379 945 sten
1419 888 1474 948 von
1514 891 1809 951 Anhalt=Dessau
1849 894 1999 954 Durchl.
2027 894 2138 954 welche
2172 894 2267 954 Dero
2301 897 2333 957 in

1327 939 1481 999 Preussen
1509 940 1641 1000 gelegne
1669 943 1785 1003 Güter
1813 945 1840 1005 in
1874 945 2089 1005 Augenschein
2128 948 2338 1008 genommen,

1334 985 1489 1045 wiederum
1528 990 1600 1050 nach
1628 990 1717 1050 Dero
1746 992 1962 1052 Fürstenthum
2002 995 2129 1055 zurück.

1641 1082 2034 1142 AVERTISSEMENT.

1380 1124 1454 1184 Bey
1478 1129 1530 1189 der
1553 1131 1786 1191 Dreyzehnten
1815 1133 1960 1193 Ziehung
1995 1133 2041 1193 der
2065 1133 2203 1193 Königl,
2216 1133 2342 1193 Preuß.

1333 1174 1487 1234 Lotterie,
1515 1176 1542 1236 so
1565 1179 1592 1239 in
1620 1181 1736 1241 Berlin
1770 1184 1819 1244 den
1847 1184 1918 1244 6ten
1947 1183 2067 1243 Octob.
2090 1181 2178 1241 1764
2206 1181 2344 1241 verrich=

1331 1225 1371 1285 tet
1395 1225 1544 1285 worden,
1568 1228 1631 1288 sind
1655 1230 1701 1290 die
1725 1234 1909 1294 Nummern
1950 1234 2013 1294 35.
2037 1234 2100 1294 67.
2124 1232 2187 1292 69.
2211 1234 2251 1294 9.
2281 1234 2343 1294 59.

1331 1274 1387 1334 aus
1416 1277 1467 1337 dem
1507 1279 1711 1339 Glücksrade
1735 1285 1888 1345 gezogen.
1940 1285 2013 1345 Die
2037 1285 2242 1345 gewonnene
2254 1282 2344 1342 Loose

1334 1327 1449 1387 werden
1483 1330 1604 1390 sowohl
1627 1332 1677 1392 bey
1706 1335 1755 1395 den
1783 1336 1904 1396 Herren
1933 1336 2177 1396 Einnehmern,
2194 1336 2238 1396 als
2261 1336 2332 1396 auch

1331 1378 1358 1438 im
1403 1381 1701 1441 Haupt=Comtoir
1730 1387 1790 1447 auf
1819 1387 1868 1447 dem
1913 1387 2134 1447 Roßgarten,
2162 1384 2334 1444 Morgens

1334 1428 1390 1488 von
1419 1428 1452 1488 10
1487 1431 1531 1491 bis
1560 1433 1628 1493 12,
1651 1434 1713 1494 und
1742 1434 1974 1494 Nachmittags
2014 1434 2070 1494 von
2105 1434 2116 1494 3
2151 1434 2195 1494 bis
2230 1434 2246 1494 5
2275 1434 2337 1494 Uhr

1325 1479 1557 1539 ausgezahlet.
1603 1482 1676 1542 Die
1700 1485 1898 1545 Vierzehnte
1915 1485 2056 1545 Ziehung
2085 1483 2255 1543 geschiehet
2278 1482 2329 1542 den

1334 1524 1438 1584 27sten
1474 1532 1572 1592 dieses
1596 1532 1771 1592 Monats,
1812 1533 1869 1593 und
1905 1533 2027 1593 werden
2063 1535 2115 1595 die
2138 1533 2284 1593 Einsätze
2308 1533 2342 1593 zu

1329 1578 1459 1638 selbiger
1486 1583 1533 1643 bis
1560 1584 1590 1644 am
1633 1584 1727 1644 18ten
1759 1581 2020 1641 angenommen.

1384 1640 1457 1700 Bey
1499 1646 1548 1706 dem
1590 1646 1754 1706 Verleger
1788 1645 1886 1705 dieser
1912 1646 2052 1706 Zeitung
2078 1648 2126 1708 ist
2143 1646 2175 1706 zu
2209 1643 2340 1703 haben:

1333 1688 1483 1748 Basedow
1525 1691 1681 1751 Lehrbuch
1711 1690 1908 1750 prosaischer
1939 1691 1998 1751 und
2025 1692 2201 1752 poetischer
2232 1689 2352 1749 Wohl¬

1329 1730 1520 1790 redenheit,
1541 1733 1583 1793 8,
1608 1733 1622 1793 2
1646 1736 1689 1796 fl.
1738 1733 1900 1793 Reimari
1915 1736 2189 1796 Vernunftlehre,
2214 1738 2257 1798 8,
2276 1736 2290 1796 1
2310 1736 2348 1796 fl.

1340 1768 1379 1828 15
1404 1775 1457 1835 gr.
1507 1778 1634 1838 Eßigs,
1649 1778 1737 1838 kurze
1762 1781 1949 1841 Einleitung
1979 1783 2032 1843 zur
2057 1781 2263 1841 allgemeinen
2288 1781 2346 1841 Hi¬

1342 1822 1449 1882 storie,
1468 1828 1510 1888 8,
1535 1830 1546 1890 3
1577 1829 1612 1889 fl.
1667 1831 1806 1891 Meiers
1836 1832 1975 1892 Auszug
2005 1831 2053 1891 der
2078 1831 2337 1891 Vernunftlehre

1344 1879 1439 1939 gr.8,
1464 1881 1475 1941 1
1507 1885 1549 1945 fl.
1561 1882 1573 1942 6
1604 1885 1658 1945 gr.
1707 1885 1900 1945 Eberhardt
1925 1887 1997 1947 erste
2028 1885 2166 1945 Gründe
2197 1885 2245 1945 der
2276 1882 2348 1942 Na¬

1331 1930 1492 1990 turlehre,
1516 1936 1563 1996 m.
1582 1936 1629 1996 K.
1654 1937 1695 1997 8,
1719 1937 1730 1997 2
1767 1936 1802 1996 fl.
1827 1939 1868 1999 15
1892 1939 1946 1999 gr.
1994 1936 2136 1996 Crusius
2173 1937 2250 1997 Weg
2286 1936 2339 1996 zur

1340 1981 1533 2041 Gewißheit
1551 1984 1601 2044 der
1619 1985 1841 2045 menschlichen
1876 1987 2098 2047 Erkenntniß,
2110 1988 2149 2048 8,
2172 1988 2188 2048 5
2213 1987 2246 2047 fl.
2258 1987 2269 2047 9
2292 1987 2342 2047 gr.

1336 2031 1580 2091 Ebendesselben
1613 2034 1769 2094 Entwurf
1797 2037 1851 2097 der
1874 2037 2122 2097 nothwendigen
2161 2031 2344 2091 Vernunft=

1336 2081 1517 2141 wahrheit,
1552 2085 1597 2145 8,
1632 2085 1648 2145 3
1683 2085 1728 2145 fl.
1746 2085 1757 2145 6
1786 2086 1836 2146 gr.
1905 2085 2076 2145 L’Estocks
2111 2082 2338 2142 Erläuterung

1341 2128 1392 2188 des
1418 2130 1629 2190 allgemeinen
1666 2132 1727 2192 und
1754 2136 1877 2196 preuß.
1898 2136 2166 2196 Wechselrechts,
2187 2133 2227 2193 4,
2254 2134 2269 2194 3
2300 2136 2341 2196 fl.

1341 2181 1375 2241 24
1401 2181 1450 2241 gr.
1482 2178 1693 2238 Baumgarten
1724 2184 1960 2244 metaphysica.
1981 2184 2041 2244 Ed.
2051 2184 2147 2244 nova,
2167 2184 2233 2244 763
2274 2184 2288 2244 1
2309 2181 2343 2241 fl.

1343 2226 1377 2286 24
1407 2229 1460 2289 gr.
1486 2226 1667 2286 Boehmeri
1682 2231 1883 2291 Introductio
1913 2231 1937 2291 in
1967 2231 2011 2291 jus
2031 2231 2217 2291 digestorum
2252 2231 2344 2291 spart.

1339 2278 1381 2338 2.
1402 2276 1465 2336 Ed.
1487 2273 1586 2333 nova,
1614 2273 1629 2333 3
1666 2277 1703 2337 fl.

1801 2279 2007 2339 Heinneccii
2048 2279 2225 2339 Elemenra
2259 2276 2347 2336 juris

1345 2327 1460 2387 civilis,
1477 2324 1544 2384 sec.
1566 2325 1638 2385 ord.
1660 2328 1810 2388 Institut.
1827 2333 1866 2393 8,
1894 2332 1910 2392 2
1938 2330 1971 2390 fl.
1999 2327 2159 2387 Ludovici
2188 2327 2337 2387 doctrina

1344 2375 1599 2435 pandectatum,
1625 2377 1661 2437 8,
1687 2380 1699 2440 2
1731 2381 1768 2441 fl.
1787 2384 1824 2444 12
1849 2381 1905 2441 gr.

1347 2470 1678 2530 Wechsel-Cours
1694 2467 1707 2527 &
1759 2475 1910 2535 Species
1926 2476 1961 2536 d.
1976 2476 2040 2536 11.
2056 2471 2199 2531 Octob.
2214 2473 2336 2533 1764.

1337 2527 1521 2587 Amsterdam
1563 2527 1604 2587 41
1622 2524 1706 2584 Tage
1730 2528 1789 2588 295
1807 2532 1866 2592 gr.
1920 2528 1962 2588 71
1986 2530 2069 2590 Tage
2093 2528 2152 2588 293
2170 2531 2223 2591 gr.

1339 2578 1516 2638 Hamburg
1545 2574 1559 2634 3
1588 2578 1637 2638 W.
1660 2578 1716 2638 126
1738 2582 1794 2642 gr.

1893 2580 1904 2640 6
1935 2579 1989 2639 W.
2008 2581 2069 2641 125
2087 2577 2142 2637 gr.

1828 2629 1974 2689 Dantzig
2014 2630 2048 2690 28
2082 2628 2132 2688 pr.
2150 2626 2222 2686 Cto.

1342 2629 1452 2689 Berlin

1921 2677 2054 2737 Alberts
2072 2679 2167 2739 Taler
2184 2676 2239 2736 126
2263 2675 2317 2735 gr.

1337 2677 1482 2737 Ducaten
1502 2673 1578 2733 neue
1598 2673 1610 2733 8
1636 2673 1667 2733 fl.
1680 2679 1718 2739 32
1738 2685 1788 2745 gr.

1337 2727 1447 2787 Rubel
1471 2725 1529 2785 108
1559 2725 1617 2785 gr.

1824 2727 1874 2787 Alt
1886 2729 2028 2789 Polnisch
2052 2732 2125 2792 Geld
2200 2727 2251 2787 pr.
2269 2724 2336 2784 Cto.

1383 2802 1440 2862 Da
1464 2799 1527 2859 mit
1551 2799 1597 2859 dem
1632 2806 1736 2866 70sten
1766 2808 1869 2868 Stück
1893 2808 1986 2868 dieser
2004 2811 2136 2871 Zeitung
2167 2806 2206 2866 ein
2236 2799 2333 2859 neues

1329 2850 1479 2910 Quartal
1499 2852 1725 2912 angegangen,
1738 2858 1762 2918 so
1782 2858 1901 2918 werden
1933 2858 1976 2918 die
1996 2861 2078 2921 resp.
2091 2852 2329 2912 Interessenten

1330 2901 1466 2961 ersuchet
1493 2900 1558 2960 ihre
1572 2909 1853 2969 Pränumeration
1887 2909 1945 2969 mit
1966 2911 1978 2971 2
2005 2909 2057 2969 Fl.
2077 2905 2319 2965 einzuschicken.
