2034 2755
192 237 1049 294 sich guten moralischen Empfindungen, ist der En=
188 276 1045 330 thusiasmus, und es ist niemals ohne denselben in
188 324 1038 376 der Welt etwas Großes ausgerichtet worden. Ganz
183 365 1045 414 anders ist es mit dem Fanaticker (Visionär,
192 406 1036 449 Schwärmer) bewandt. Dieser ist eigentlich ein
186 488 1043 540 gebung, und einer großen Vertraulichkeit mit den
190 613 1045 658 bruch davon neu ist, wenn der betrogene Mensch Ta¬
183 652 1036 697 lente hat und der große Haufe vorbereitet ist dieses
196 695 1043 738 Gahrungsmittel innigst aufzunehmen, alsdenn erdul¬
183 734 1045 781 det bisweilen so gar der Staat Verzukungen. Die
192 812 1036 866 ste, den Mahomet auf den Fürstenthron, und den
183 857 1036 909 Johann von Leiden aufs Blutgerüste. Ich kan
179 905 1908 963 noch in gewißer Maaße zu der Verkehrtheit des Kop= Der zweyte Grad des in Ansehung der oberen Er¬
181 939 1032 991 fes, so ferne dieselbe die Erfahrungsbegriffe betrift,
179 980 1030 1025 das gestöhrte Erinnerungsvermögen zählen
181 1023 1036 1071 Denn dieses täuschet den Elenden, der damit angefoch¬
179 1069 1041 1116 ten ist, durch eine chimärische Vorstellung wer weiß
179 1107 1036 1161 was vor eines vormaligen Zustandes, der wirklich
181 1148 1028 1194 niemals gewesen ist. Derjenige, welcher von den
188 1185 1028 1237 Gütern redet die er ehedem besessen haben will, oder
181 1235 1032 1282 von dem Königreiche das er gehabt hat, und sich übri¬
179 1276 1030 1325 gens in Ansehung seines jetzigen Zustandes nicht merk¬
173 1317 1028 1364 lich betrügt, ist ein Verrükter in Ansehung der Erin¬
173 1358 1030 1401 nerung. Der bejahrte Murrkopf welcher fest glaubt,
181 1395 1032 1438 daß in seiner Jugend die Welt viel ordentlicher und
173 1433 1023 1481 die Menschen besser gewesen waren, ist ein Phantast
177 1468 671 1537 in Ansehung der Erinnerung.
220 1485 1023 1580 Bis dahin nun ist in dem gestöhrten Kopfe die Ver
179 1548 1023 1610 standeskraft eigentlich nicht angegriffen, zum wenig
179 1600 1030 1651 sten ists nicht nothwendig, daß sie es sey; denn der
183 1643 1023 1690 Fehler steckt eigentlich nur in den Begriffen, die Ur¬
173 1686 1023 1736 theile selber, wenn man die verkehrte Empfindung als
177 1725 1021 1772 wahr annehmen wolte, können ganz richtig, ja so gar
177 1766 1023 1811 ungemein vernünftig seyn. Eine Stöhrung des Ver¬
173 1807 1023 1857 standes dagegen bestehet darinn: daß man aus allen=
181 1850 1023 1895 falls richtigen Erfahrungen ganz verkehrt urtheilt:
173 1889 1021 1939 und von dieser Krankheit ist der erste Grad der
177 1928 1023 1980 Wahnsinn, welcher in den nächsten Urtheilen aus
166 1973 1023 2023 der Erfahrung der gemeinen Verstandesregel entge¬
166 2014 1021 2064 gen handelt. Der Wahnsinnige siehet oder erin¬
173 2055 1023 2105 nert sich der Gegenstände so richtig wie jeder Gesun¬
166 2098 1017 2146 de, nur er deutet gemeiniglich das Betragen anderer
177 2131 1028 2198 Menschen durch einen ungereimten Wahn auf sich
183 186 1913 268 Dieser zweydeutige Anschein von Phantasterey in an aus und glaubet daraus wer weis was vor bedenkliche
1062 248 1917 304 Absichten lesen zu können, die jenen niemals in den
1064 289 1919 343 Sinn kommen. Wenn man ihn hört so solte man
1064 339 1917 393 glauben die ganze Stadt beschäftige sich mit ihm. Die
1064 376 1919 423 Marktleute welche mit einander handeln und ihn et¬
1062 406 1919 464 wa ansehen schmieden Anschläge wieder ihn, der Nacht¬
190 445 1910 512 Verrückter von einer vermeinten unmittelbaren Ein= wächter rufet ihm zum Possen, und kurz er siehet nichts
1053 488 1910 555 als eine allgemeine Verschwörung wieder sich. Der
192 535 1913 594 Machten des Himmels. Die menschliche Naturken= Melancholische, welcher in Ansehung seiner
183 574 1913 637 net kein gefährlicheres Blendwerk. Wenn der Aus= traurigen oder kränkenden Vermuthungen wahnsinnig
1060 613 1913 669 ist, ist ein Trübsinniger. Es giebt aber auch aller¬
1062 656 1919 719 ley ergötzender Wahnsinn, und die verliebte Leiden¬
1069 699 1908 751 schaft schmeichelt oder qvälet sich mit manchen wun¬
1056 749 1908 797 derlichen Deutungen, die dem Wahnsinn ähnlich sind.
190 775 1904 842 Schwärmerey führet den Begeisterten auf das äußer= Ein Hochmüthiger ist in gewißer Maaße ein Wahn
1064 825 1908 879 sinniger, welcher aus dem Betragen anderer, die ihn
1064 870 1902 922 spöttisch angaffen, schließt, daß sie ihn bewundern.
1056 950 1910 1004 kentnißkraft gestöhrten Kopfes ist eigentlich die in Un¬
1056 989 1906 1041 ordnung gebrachte Vernunft, in so ferne sie sich in
1058 1034 1910 1094 eingebildeten feineren Urtheilen über allgemeine Be¬
1060 1077 1902 1125 griffe auf eine ungereimte Art verirret, und kan der
1058 1116 1904 1177 Wahnwitz genannt werden. In dem höheren
1058 1155 1904 1213 Grade dieser Stöhrung schwärmen durch das ver¬
1060 1196 1904 1254 brannte Gehirn allerley angemaaßte überfeine Ein¬
1060 1239 1904 1297 sichten: die erfundene Länge des Meeres, die Ausle¬
1060 1284 1906 1338 gung von Prophezeyungen, oder wer weis was vor
1053 1323 1904 1375 ein Mischmasch von unkluger Kopfbrecherey. Wenn
1051 1358 1910 1412 der Unglückliche hiebey zugleich die Erfahrungsurthei¬
1049 1408 1910 1453 le vorbey geht, so heißet er aberwitzig. In dem
1062 1438 1904 1496 Falle aber, daß er viele richtige Erfahrungsurtheile
1049 1481 1902 1548 zum Grunde liegen habe, nur daß seine Empfindung
1049 1518 1906 1582 durch die Neuigkeit und Menge der Folgen, die sein
1049 1559 1906 1623 Witz ihm darbietet, dergestalt berauschet ist, daß er
1049 1606 1904 1669 nicht mehr auf die Richtigkeit der Verbindung acht
1049 1641 1904 1703 hat, so entspringt daraus östers ein sehr schimmern¬
1049 1692 1902 1749 der Anschein von Wahnwitz, welcher mit einem gro¬
1047 1727 1902 1790 ßen Genie zusammen bestehen kann, in so ferne
1047 1768 1895 1824 die langsame Vernunft den empöhrten Witz nicht mehr
1045 1807 1902 1867 zu begleiten vermag. Der Zustand des gestöhrten
1038 1863 1902 1910 Kopfes, der ihn gegen die äußere Empfindungen
1049 1891 1898 1958 fühllos macht, ist Unsinnigkeit; diese, so ferne
1043 1932 1895 1999 der Zorn darinn herrscht, heißt die Raserey. Die
1047 1973 1902 2040 Verzweifelung ist ein vorübergehender Unsinn eines
1036 2018 1895 2079 Hofnungslosen. Die brausende Heftigkeit eines Ge¬
1047 2059 1889 2135 stöhrten heißt überhaupt die Tobsucht. Der Tob¬
1041 2098 1762 2180 süchtige, in so ferne er unsinnig ist, ist toll.
1261 2135 1656 2211 (Der Beschluß künftig.)
