2479 3508
649 372 914 432 Frankfurt.

272 459 365 519 "ten.
393 467 475 527 8vo,
497 464 612 524 1764,
635 464 672 524 10
701 467 761 527 und
789 465 799 525 1
828 465 937 525 halben
965 464 1102 524 Bogen.

286 515 387 575 findet
404 515 471 575 hier
494 512 590 572 zuerst
613 512 686 572 fünf
709 515 964 575 Abhandlungen
992 512 1014 572 in
1043 510 1161 570 Prose.

1201 512 1273 572 Die

278 560 352 620 erste
385 563 512 623 enthält
540 562 609 622 eine
636 560 870 620 Lebensregel,
897 563 944 623 die
978 563 1142 623 folgenden
1186 560 1270 620 reden

281 607 339 667 vom
382 609 461 669 edeln
493 609 636 669 Stolze,
657 608 715 668 von
742 608 794 668 dem
837 608 1054 668 Verhältnisse
1081 610 1128 670 der
1155 608 1282 668 Zufrie¬

278 658 409 718 denheit
436 657 496 717 und
522 658 684 718 Tugend,
715 655 776 715 von
807 657 857 717 der
893 655 1188 715 Standhaftigkeit
1214 655 1274 715 und

283 703 333 763 dem
384 706 662 766 Wankelmuthe,
692 705 809 765 endlich
845 703 900 763 von
931 703 980 763 der
1011 705 1123 765 langen
1159 703 1279 763 Weile.

284 752 354 812 Sie
376 754 435 814 sind
463 754 484 814 in
512 754 599 814 guten
627 751 718 811 Styl
735 751 887 811 verfaßt,
910 752 969 812 und
997 751 1062 811 sehr
1090 751 1274 811 vernünftig

282 801 498 861 geschrieben.
543 800 616 860 Auf
633 798 666 858 sie
689 801 788 861 folgen
817 801 994 861 Gedichte,
1023 801 1078 861 mit
1101 801 1195 861 denen
1218 797 1278 857 wir

283 849 426 909 weniger
447 846 600 906 zufrieden
633 846 711 906 sind.
760 843 807 903 Es
834 849 945 909 bedarf
967 849 993 909 in
1030 849 1135 909 unsern
1168 847 1268 907 Zeiten

281 895 368 955 viel,
395 897 482 957 wenn
514 895 581 955 man
613 894 659 954 sich
685 894 731 954 als
758 894 892 954 Dichter
914 897 1011 957 zeigen
1038 897 1120 957 will,
1147 897 1177 957 da
1204 894 1270 954 man

284 944 403 1004 bereits
432 941 460 1001 so
489 942 670 1002 furchtbare
694 942 887 1002 Vorgänger
922 944 1041 1004 findet,
1070 945 1114 1005 die
1143 942 1166 1002 im
1218 938 1285 998 Be¬

285 991 349 1051 sitze
380 990 430 1050 der
451 990 707 1050 Bewunderung
738 987 788 1047 der
814 987 903 1047 Welt
929 987 1050 1047 stehen.
1100 988 1176 1048 Wir
1207 984 1286 1044 wol¬

283 1034 327 1094 len
358 1034 408 1094 dem
449 1034 611 1094 Verfasser
637 1033 717 1093 nicht
738 1031 793 1091 alle
819 1031 1087 1091 Geschicklichkeit
1103 1032 1158 1092 zur
1174 1031 1284 1091 Dicht¬

283 1082 376 1142 kunst
392 1077 604 1137 absprechen;
631 1076 703 1136 aber
730 1076 807 1136 seine
828 1073 895 1133 hier
927 1077 1155 1137 mitgetheilten
1186 1076 1279 1136 Verse

292 1125 429 1185 scheinen
468 1124 527 1184 uns
566 1124 595 1184 zu
635 1124 737 1184 wenig
772 1121 968 1181 bearbeitet,
1008 1124 1066 1184 und
1101 1124 1130 1184 in
1164 1125 1262 1185 diesem

289 1177 431 1237 Stande
453 1175 521 1235 noch
548 1175 574 1235 zu
601 1172 739 1232 unreif,
761 1169 814 1229 der
841 1171 930 1231 Welt
958 1172 1116 1232 vorgelegt
1143 1172 1175 1232 zu
1212 1168 1291 1228 wer¬

290 1223 366 1283 den.
416 1225 554 1285 Einzeln
582 1222 676 1282 findet
698 1222 764 1282 man
792 1219 869 1279 viele
891 1219 963 1279 gute
980 1219 1040 1279 und
1074 1219 1167 1279 starke
1190 1216 1289 1276 Stel¬

284 1273 367 1333 len;
395 1273 466 1333 aber
495 1273 550 1333 das
573 1271 689 1331 Ganze
717 1270 755 1330 ist
785 1270 828 1330 sich
862 1272 889 1332 zu
929 1270 1095 1330 ungleich;
1129 1267 1156 1327 es
1190 1270 1228 1330 ist
1245 1268 1272 1328 zu

288 1321 360 1381 viel
386 1321 597 1381 Gedehntes,
619 1321 757 1381 Hartes,
779 1321 938 1381 Unedles,
960 1320 1109 1380 Dunkles
1135 1318 1196 1378 da,
1223 1317 1279 1377 das

293 1369 372 1429 alles
403 1371 634 1431 weggestrichen
670 1369 695 1429 zu
731 1369 851 1429 werden
887 1369 1063 1429 verdiente.
1114 1369 1214 1429 Unsre
1240 1369 1289 1429 Le¬

295 1413 337 1473 ser
369 1416 474 1476 mögen
512 1416 595 1476 selbst
622 1415 680 1475 aus
712 1415 796 1475 einer
823 1416 928 1476 kurzen
965 1416 1076 1476 Probe
1103 1416 1281 1476 urtheilen.

298 1461 344 1521 Er
370 1463 426 1523 hat
457 1463 498 1523 ein
529 1463 714 1523 reimfreyes
746 1461 885 1521 Gedicht
916 1464 972 1524 auf
1004 1463 1060 1523 das
1096 1464 1198 1524 Glück
1225 1464 1276 1524 der

294 1509 401 1569 Pfalz
430 1512 627 1572 eingerückt;
656 1512 718 1572 und
747 1510 797 1570 sich
826 1512 961 1572 nachher
990 1512 1034 1572 die
1057 1512 1164 1572 Mühe
1199 1512 1283 1572 gege¬

290 1559 377 1619 ben,
403 1560 454 1620 ihm
501 1560 547 1620 die
579 1560 692 1620 Reime
724 1557 919 1617 anzusetzen.
972 1560 1054 1620 Hier
1085 1563 1147 1623 sind
1178 1563 1281 1623 einige

297 1608 499 1668 Strophen.
546 1609 594 1669 Er
612 1608 701 1668 redet
719 1608 771 1668 von
802 1608 849 1668 der
873 1607 985 1667 Pfalz.

362 1676 467 1736 Welch'
482 1676 520 1736 neu
541 1679 673 1739 belebende
693 1676 765 1736 Gnad
793 1676 832 1736 der
853 1676 952 1736 segnend
972 1676 1144 1736 allmächtigen
1164 1676 1283 1736 Gottheit

327 1729 450 1789 Erschaft
468 1727 506 1787 der
528 1729 677 1789 Erstorbnen
699 1725 737 1785 ein
759 1721 917 1781 prächtigers
939 1722 1033 1782 Seyn;

317 1783 398 1843 Läßt
412 1781 452 1841 sich
471 1781 511 1841 die
525 1781 679 1841 herrlichsten
702 1778 801 1838 Städt'
811 1776 855 1836 aus
874 1775 928 1835 Asch
956 1773 1000 1833 und
1019 1773 1109 1833 Moder
1128 1778 1249 1838 erheben,

331 1837 393 1897 Von
416 1840 569 1900 Ueberfluß,
586 1837 697 1897 Freuden
724 1834 771 1894 und
788 1834 899 1894 Anmuth
920 1831 1016 1891 erfüllt.

363 1923 449 1983 Welch
479 1921 565 1981 kräftig
588 1921 703 1981 sichernde
725 1918 797 1978 Gnad
826 1918 862 1978 der
877 1918 941 1978 stark
964 1919 1144 1979 beschützenden
1166 1921 1281 1981 Vorsicht

327 1980 430 2040 Erhält
451 1981 480 2041 sie
495 1980 539 2040 mit
555 1978 618 2038 ganz
633 1975 846 2035 auszeichnender
866 1975 945 2035 Huld.

323 2034 507 2094 Verwandelt
524 2034 650 2094 erbitterte
672 2031 761 2091 Feind'
777 2031 798 2091 in
820 2031 872 2091 ihre
888 2031 1004 2091 trenesten
1031 2032 1157 2092 Freunde,

331 2091 396 2151 Daß
418 2091 599 2151 Deutschlands
622 2091 745 2151 gemeines
768 2088 825 2148 Weh
841 2088 869 2148 sie
892 2088 956 2148 nicht
972 2085 1043 2145 trift.

298 2169 544 2229 Ebendieselben
576 2169 677 2229 lauten
703 2163 835 2223 gereimt
854 2166 942 2226 also:

371 2239 455 2299 Welch
479 2237 532 2297 hobe
557 2236 672 2296 görtliche
688 2234 765 2294 Bnad
781 2232 819 2292 sah
836 2232 873 2292 ich
890 2236 935 2296 dich
960 2237 1013 2297 aufs
1037 2237 1090 2297 neue
1107 2238 1222 2298 beleben.

329 2294 388 2354 Sie
405 2291 480 2351 schaft
503 2288 540 2348 der
562 2289 709 2349 Erstorbnen
737 2288 769 2348 ein
791 2289 943 2349 prächtigers
971 2293 1057 2353 Seyn,

332 2348 398 2408 Läßt
413 2347 451 2407 sich
480 2345 513 2405 die
533 2342 685 2402 herrlichsten
705 2342 800 2402 Städt'
815 2345 858 2405 aus
877 2346 929 2406 Asch
954 2348 996 2408 und
1016 2348 1107 2408 Moder
1126 2351 1245 2411 erheben,

327 2405 409 2465 Leit't
421 2402 576 2462 Ueberfluß,
599 2399 710 2459 Frenden
738 2399 782 2459 und
800 2401 910 2461 Anmuth
927 2405 1026 2465 hinein.

362 2488 426 2548 Wie
441 2485 536 2545 künftig
558 2477 725 2537 beschützende
741 2476 805 2536 Huld
828 2478 863 2538 zum
894 2482 958 2542 Heil
974 2482 1016 2542 uns
1039 2484 1097 2544 alles
1120 2485 1249 2545 vereinte!

310 2545 379 2605 Sie
398 2543 479 2603 macht
491 2541 531 2601 oft
549 2539 590 2599 den
614 2532 765 2592 heilsamsten
783 2533 876 2593 Balsam
912 2536 952 2596 aus
970 2536 1045 2596 Gist.

320 2599 505 2659 Verwandelt
521 2596 650 2656 erbitterte
666 2590 759 2650 Feind'
775 2587 795 2647 in
816 2587 888 2647 unsre
904 2590 1017 2650 treuesten
1038 2596 1172 2656 Freunde,

332 2655 395 2715 Das
413 2652 599 2712 Deurschlands
616 2648 744 2708 gemeines
761 2641 818 2701 Weh
843 2642 883 2702 uns
900 2646 963 2706 nicht
981 2649 1052 2709 grift.

290 2745 392 2805 Diese
418 2742 514 2802 Zeilen
547 2739 604 2799 sind
624 2737 726 2797 weder
753 2732 848 2792 besser
868 2730 938 2790 noch
966 2737 1119 2797 schlechter
1152 2739 1202 2799 als
1229 2739 1273 2799 die

291 2793 452 2853 übrigen.
499 2788 573 2848 Wir
603 2787 776 2847 wünschten
811 2781 909 2841 aber,
933 2780 984 2840 daß
1014 2787 1059 2847 die
1083 2784 1187 2844 Verse
1216 2789 1268 2849 vor

289 2845 339 2905 dem
378 2844 536 2904 Abdrucke
549 2841 638 2901 mehr
658 2838 892 2898 umgearbeitet
911 2832 1025 2892 worden
1051 2838 1178 2898 wären.
1204 2838 1260 2898 Ein

1305 366 1478 426 boshafter
1503 366 1641 426 Spötter
1666 369 1773 429 würde
1792 369 1906 429 sagen,
1924 366 1972 426 der
1997 365 2158 425 Verfasser
2183 369 2303 429 machte

327 414 558 474 „Moralische
575 418 880 478 Ausarbeitungen,
892 417 976 477 nebst
999 419 1117 479 einigen
1140 416 1275 476 Gedich=
1310 413 1394 473 seine
1417 410 1586 470 Exercitien
1615 413 1671 473 vor
1694 415 1744 475 den
1767 418 1874 478 Augen
1902 414 1953 474 der
1976 410 2077 470 Welt.
2140 414 2252 474 Kostet
2275 419 2297 479 in

1176 464 1264 524 Man
1312 458 1547 518 vorbemeldten
1571 464 1778 524 Kanterschen
1808 465 2108 525 Buchhandlungen
2138 461 2173 521 18
2203 465 2255 525 gr.

1670 562 1941 622 Nürnberg.

1364 595 1459 655 „Von
1490 601 1538 661 den
1563 604 1695 664 Mitteln
1720 607 1774 667 zur
1793 610 1997 670 Fröhlichkeit
2022 607 2087 667 nach
2118 604 2166 664 den
2197 604 2311 664 Grün=

1318 639 1388 699 "den
1421 649 1469 709 der
1491 653 1838 713 Arzneygelahrtheit.
1882 655 1973 715 Nach
2001 655 2081 715 einer
2103 653 2298 713 lateinischen

1314 697 1558 757 "Abhandlung
1598 699 1652 759 des
1686 699 1785 759 Herrn
1820 703 1986 763 Hofraths
2025 704 2086 764 und
2115 700 2302 760 Professors

1310 741 1505 801 „Delius
1529 745 1677 805 übersetzt
1701 750 1760 810 und
1784 751 1962 811 vermehrt,
1980 749 2057 809 8vo,
2075 751 2181 811 1764,
2206 751 2217 811 8
2247 751 2305 811 und

1337 789 1354 849 1
1383 791 1487 851 halben
1517 792 1673 852 Bogen.”
1725 797 1777 857 Ob
1801 796 1835 856 es
1859 798 1951 858 wohl
1975 798 2056 858 nicht
2080 798 2235 858 glaublich
2259 798 2311 858 ist,

1311 840 1369 900 daß
1401 843 1554 903 jemand,
1581 843 1612 903 um
1666 843 1713 903 sich
1746 846 1872 906 lustiger
1905 846 1930 906 zu
1968 846 2121 906 machen,
2149 843 2217 903 nach
2254 846 2301 906 der

1312 888 1479 948 Apotheke
1496 891 1641 951 schicken,
1663 894 1792 954 sondern
1820 894 1976 954 vielmehr
1999 895 2025 955 zu
2053 894 2101 954 dem
2145 891 2306 951 allgemei¬

1316 934 1367 994 nen
1398 936 1516 996 Mittel
1537 938 1649 998 greifen
1676 938 1778 998 wird,
1804 939 1860 999 das
1881 942 1927 1002 die
1948 942 2086 1002 Natur,
2108 942 2169 1002 uns
2200 942 2230 1002 zu
2262 940 2308 1000 er¬

1313 981 1463 1041 heitern,
1489 981 1659 1041 verordnet
1681 983 1763 1043 hat,
1790 984 1846 1044 und
1872 986 1929 1046 das
1955 987 2001 1047 den
2034 990 2152 1050 Herren
2179 987 2297 1047 Poeten

1316 1025 1345 1085 so
1366 1025 1425 1085 gut
1446 1027 1581 1087 bekannt
1602 1025 1661 1085 ist:
1682 1025 1712 1085 so
1742 1025 1852 1085 würde
1878 1028 1948 1088 man
1983 1031 2048 1091 doch
2079 1034 2144 1094 sehr
2174 1035 2304 1095 unrecht

1315 1070 1481 1130 handeln,
1506 1069 1589 1129 wenn
1624 1070 1687 1130 man
1717 1070 1741 1130 in
1771 1070 1864 1130 diesem
1904 1073 2026 1133 Stücke
2051 1076 2094 1136 die
2119 1078 2222 1138 Hülfe
2252 1079 2300 1139 der

1312 1117 1534 1177 Arzneykunst
1551 1117 1621 1177 stolz
1649 1118 1801 1178 verachten
1830 1118 1949 1178 wollte.
2020 1121 2096 1181 Der
2118 1121 2204 1181 Herr
2227 1124 2308 1184 Ver¬

1314 1163 1404 1223 fasser
1433 1163 1574 1223 erinnert
1603 1166 1671 1226 sehr
1695 1167 1802 1227 wohl,
1836 1168 1887 1228 daß
1921 1169 1972 1229 bey
2007 1168 2057 1228 der
2086 1169 2306 1229 Traurigkeit,

1315 1212 1402 1272 wenn
1431 1210 1463 1270 sie
1486 1213 1558 1273 auch
1581 1213 1652 1273 blos
1675 1213 1758 1273 ihren
1792 1216 1869 1276 Sitz
1886 1218 1914 1278 im
1953 1216 2119 1276 Gemüthe
2142 1216 2213 1276 hat,
2241 1219 2296 1279 und

1318 1261 1369 1321 ihr
1387 1261 1450 1321 also
1480 1264 1739 1324 phychologische
1763 1267 1861 1327 Hülfe
1890 1264 1936 1324 die
1965 1267 2121 1327 nöthigste
2151 1267 2208 1327 ist,
2232 1267 2306 1327 den¬

1314 1310 1385 1370 noch
1414 1313 1541 1373 zugleich
1570 1312 1636 1372 eine
1659 1315 1864 1375 nachtheilige
1887 1318 2043 1378 Wirkung
2071 1318 2126 1378 auf
2143 1318 2193 1378 den
2227 1318 2304 1378 Kör¬

1317 1361 1370 1421 per
1392 1363 1532 1423 erfolgt,
1555 1363 1679 1423 welcher
1707 1363 1755 1423 der
1777 1363 1938 1423 Beystand
1966 1365 2015 1425 des
2043 1365 2150 1425 Arztes
2183 1364 2215 1424 am
2259 1366 2307 1426 be¬

1316 1412 1367 1472 sten
1407 1410 1595 1470 abzuhelfen
1636 1410 1784 1470 vermag.
1852 1411 2115 1471 Gegenwärtige
2149 1410 2308 1470 Abhand¬

1317 1458 1390 1518 lung
1413 1456 1452 1516 ist
1470 1458 1515 1518 die
1538 1455 1763 1515 Uebersetzung
1787 1460 1871 1520 einer
1894 1459 1950 1519 vom
1985 1461 2075 1521 Hrn.
2092 1459 2228 1519 Hofrath
2268 1461 2295 1521 zu

1319 1505 1480 1565 Erlangen
1508 1506 1535 1566 zu
1568 1506 1724 1566 Katheder
1752 1509 1930 1569 gebrachten
1963 1506 2196 1566 Streitschrift.

1317 1551 1365 1611 den
1398 1552 1484 1612 ersten
1528 1554 1538 1614 6
1577 1551 1609 1611 §§
1642 1553 1717 1613 wird
1750 1557 1777 1617 in
1799 1557 1879 1617 Form
1923 1557 2009 1617 einer
2032 1557 2215 1617 Einleitung
2248 1557 2297 1617 der

1314 1599 1441 1659 Begrif
1469 1599 1524 1659 von
1559 1601 1785 1661 Gesundheit,
1814 1602 2024 1662 Fröhlichkeit
2052 1604 2113 1664 und
2142 1605 2302 1665 Traurigt

1318 1644 1377 1704 keit
1398 1643 1543 1703 erörtert.
1594 1644 1734 1704 Darauf
1755 1643 1870 1703 kömmt
1891 1646 1935 1706 der
1966 1647 2006 1707 7.
2021 1646 2031 1706 §
2067 1648 2121 1708 auf
2147 1646 2197 1706 die
2217 1646 2302 1706 Mit¬

1312 1685 1359 1745 tel
1384 1685 1436 1745 zur
1465 1685 1695 1745 Fröhlichkeit.
1739 1689 1854 1749 Zuerst
1878 1687 1993 1747 werden
2032 1688 2132 1748 einige
2162 1688 2300 1748 Recepte

1317 1730 1369 1790 der
1398 1728 1474 1788 alten
1508 1728 1642 1788 Aerzte,
1662 1730 1695 1790 z.
1719 1730 1766 1790 E.
1796 1733 1876 1793 eines
1911 1733 2116 1793 arabischen,
2141 1733 2298 1793 Abubeter

1320 1773 1474 1833 Rhazes,
1498 1775 1556 1835 und
1580 1776 1663 1836 eines
1687 1781 1912 1841 griechischen,
1937 1781 2096 1841 Nicolaus
2126 1781 2303 1841 Myrpsus,

1318 1827 1577 1887 durchgegangen
1612 1828 1652 1888 §.
1670 1831 1785 1891 8=12.
1855 1831 1998 1891 Darauf
2033 1831 2108 1891 wird
2149 1831 2206 1891 von
2241 1833 2292 1893 der

1320 1879 1532 1939 Traurigkeit
1557 1879 1703 1939 geredet;
1734 1882 1798 1942 und
1829 1882 1899 1942 ihre
1923 1882 2176 1942 gewöhnlichern
2207 1885 2300 1945 Ursa¬

1314 1927 1410 1987 chen,
1439 1929 1717 1989 Vollblütigkeit,
1746 1930 2025 1990 Dickblütigkeit,
2059 1930 2126 1990 üble
2156 1930 2308 1990 Beschaf=

1314 1977 1435 2037 fenheit
1463 1975 1513 2035 des
1541 1976 1685 2036 Magens
1719 1976 1774 2036 und
1808 1976 1857 2036 der
1880 1979 2074 2039 Gedärme,
2096 1978 2296 2038 verhinderte

1312 2023 1578 2083 Ausdünstung,
1601 2023 1718 2083 werden
1746 2025 1940 2085 untersucht.
1963 2025 2001 2085 §.
2019 2024 2152 2084 12=17.
2197 2025 2302 2085 Nun=

1313 2070 1401 2130 mehr
1437 2070 1537 2130 folgen
1580 2070 1626 2130 die
1651 2070 1774 2130 Mittel
1805 2073 1857 2133 der
1888 2073 1999 2133 neuern
2029 2073 2159 2133 Aerzte.
2184 2073 2218 2133 §.
2237 2073 2295 2133 18.

1312 2117 1389 2177 Der
1412 2115 1494 2175 Herr
1517 2115 1650 2175 Hofrath
1678 2118 1822 2178 erinnert
1845 2118 1910 2178 aber
1933 2121 2055 2181 dabey,
2089 2121 2138 2181 daß
2172 2118 2210 2178 sie
2238 2121 2293 2181 nur

1312 2163 1372 2223 auf
1401 2163 1489 2223 kurze
1517 2160 1588 2220 Zeit
1617 2163 1755 2223 dienen,
1778 2166 1866 2226 und,
1889 2166 1949 2226 wie
1973 2166 2000 2226 er
2028 2169 2077 2229 sich
2111 2169 2299 2229 ausdrückt,

1317 2211 1360 2271 ein
1388 2208 1625 2268 Zwischenspiel
1648 2210 1869 2270 veranlassen,
1891 2209 1945 2269 das
1978 2212 2048 2272 bald
2081 2214 2194 2274 wieder
2222 2216 2270 2276 dem

1312 2258 1481 2318 folgenden
1505 2255 1724 2315 Trauerspiele
1748 2256 1827 2316 seine
1850 2257 1957 2317 Stelle
1980 2260 2160 2320 einräumt.
2206 2261 2296 2321 Soll

1314 2308 1376 2368 also
1410 2306 1466 2366 das
1495 2305 1596 2365 Uebel
1619 2303 1675 2363 auf
1704 2306 1884 2366 gründliche
1907 2305 1969 2365 Art
1993 2306 2127 2366 gehoben
2156 2306 2296 2366 werden,

1313 2357 1340 2417 so
1363 2357 1429 2417 muß
1463 2353 1529 2413 man
1558 2351 1607 2411 die
1624 2352 1773 2412 Ursachen
1802 2354 1846 2414 der
1869 2354 2080 2414 Traurigkeit
2103 2354 2130 2414 im
2169 2354 2290 2414 Körper

1315 2402 1603 2462 hinwegschaffen;
1627 2399 1713 2459 wozu
1748 2404 1852 2464 einige
1882 2402 2002 2462 Mittel
2026 2402 2083 2462 und
2113 2402 2291 2462 diätetische

1305 2452 1427 2512 Regeln
1456 2446 1689 2506 vorgeschlagen
1719 2452 1859 2512 werden,
1883 2449 1917 2509 §.
1935 2449 2069 2509 19=24.
2116 2452 2209 2512 Noch
2239 2452 2296 2512 fol¬

1317 2503 1367 2563 gen
1396 2497 1497 2557 einige
1520 2491 1638 2551 andre,
1667 2495 1717 2555 bey
1740 2500 1829 2560 denen
1864 2497 1953 2557 unsre
1977 2497 2060 2557 Leser
2084 2502 2168 2562 nicht
2196 2500 2292 2560 unzu¬

1312 2545 1430 2605 frieden
1458 2542 1517 2602 seyn
1545 2540 1690 2600 werden,
1718 2547 1804 2607 wenn
1832 2547 1902 2607 man
1930 2545 1967 2605 sie
1989 2548 2075 2608 unter
2103 2550 2146 2610 die
2174 2548 2292 2608 spècies

1306 2593 1522 2653 laetificantes
1541 2589 1637 2649 zählt,
1662 2593 1782 2653 Kaffee,
1807 2596 1915 2656 Thee,
1940 2596 2079 2656 Toback,
2104 2599 2139 2659 §.
2158 2597 2290 2657 25=28.

1312 2641 1383 2701 Vom
1428 2638 1549 2698 Weine
1577 2636 1643 2696 war
1671 2640 1748 2700 schon
1781 2643 1853 2703 oben
1892 2641 1902 2701 §
1925 2642 1963 2702 18
1997 2643 2123 2703 geredet
2146 2643 2289 2703 worden.

1310 2688 1386 2748 Von
1410 2685 1475 2745 hier
1499 2685 1528 2745 an
1552 2683 1658 2743 geräth
1688 2688 1729 2748 die
1753 2688 1966 2748 Abhandlung
1990 2693 2078 2753 mehr
2102 2691 2125 2751 in
2156 2690 2208 2750 das
2226 2690 2296 2750 mo¬

1309 2736 1436 2796 ralische
1453 2732 1553 2792 Fach.
1603 2733 1686 2793 Man
1726 2738 1797 2798 darf
1820 2739 2002 2799 überhaupt
2031 2739 2114 2799 nicht
2137 2736 2291 2796 glauben,

1310 2785 1363 2845 daß
1393 2781 1463 2841 ihre
1487 2778 1681 2838 Schreibart
1705 2787 1811 2847 trocken
1847 2785 1911 2845 sey.
1959 2789 2035 2849 Der
2053 2786 2123 2846 Hr.
2141 2781 2276 2841 Hofrath

1306 2835 1350 2895 sah
1377 2830 1467 2890 wohl
1488 2830 1559 2890 ein,
1580 2835 1638 2895 daß
1671 2838 1735 2898 eine
1756 2838 1970 2898 Abhandlung
2004 2838 2056 2898 zum
2096 2829 2212 2889 Behuf
2233 2832 2284 2892 der

2183 2885 2295 2945 Fröh¬
