2479 3508
240 366 296 426 Lob
325 366 460 426 sowohl,
483 364 534 424 als
563 363 624 423 eine
647 363 788 423 Anzeige
811 365 861 425 des
885 363 1054 423 Inhalts,
1083 363 1167 423 wäre
1190 363 1240 423 bey

240 418 329 478 einem
372 413 482 473 solchen
510 408 630 468 Werke
652 410 853 470 überflüßig.
907 410 985 470 Von
1023 410 1070 470 der
1102 413 1255 473 Ueberse¬

238 464 326 524 tzung
355 459 404 519 des
427 458 520 518 ersten
549 456 676 516 Stücks
704 460 770 520 sagt
793 461 848 521 uns
871 458 937 518 Hr.
948 458 1053 518 Prof.
1076 461 1242 521 Gottsched

246 513 272 573 im
310 509 547 569 Vorberichte,
581 507 634 567 daß
667 507 721 567 ihr
743 506 888 566 Urheber
916 509 1034 569 bereits
1068 509 1105 569 80
1138 509 1250 569 Jahre

243 561 460 621 zurückgelegt
481 557 579 617 habe.
632 557 719 617 Man
751 557 828 617 wird
855 557 911 617 also
938 557 1035 617 seinem
1078 560 1165 620 Alter
1192 557 1243 617 den

245 610 399 670 Mangel
415 607 466 667 des
493 607 611 667 Feuers
642 606 699 666 und
730 607 962 667 Nachdrucks,
988 607 1039 667 der
1066 607 1111 667 sich
1143 605 1256 665 darin¬

238 656 294 716 nen
326 658 445 718 findet,
471 658 632 718 verzeihen
669 655 808 715 müssen.
861 652 933 712 Die
965 655 1167 715 Bekehrung
1194 654 1245 714 des

249 709 383 769 heiligen
416 706 622 766 Augustins,
644 706 692 766 als
720 704 774 764 das
801 703 920 763 zweyte
942 703 1077 763 Stück,
1105 703 1136 763 ist
1159 700 1250 760 besser

251 757 309 817 und
336 757 510 817 fließender
537 754 759 814 verdeutscht,
781 754 849 814 auch
882 751 934 811 so,
961 751 1019 811 wie
1051 753 1087 813 sie
1120 752 1183 812 hier
1210 752 1262 812 ist,

248 804 306 864 von
338 807 385 867 der
413 801 608 861 vornehmen
641 801 910 861 Schriftstellerin
938 801 1144 861 gutgeheißen
1182 798 1266 858 wor¬

249 855 326 915 den.
376 855 492 915 Kostet
509 854 536 914 in
565 852 803 912 vorbemeldten
831 852 1036 912 Kanterschen
1064 852 1263 912 Buchhand=

252 908 367 968 lungen
402 909 419 969 4
449 909 483 969 fl.
513 906 530 966 9
559 905 611 965 gr.

698 998 814 1058 Ueber

334 1078 400 1138 das
427 1078 585 1138 Steigen
619 1076 685 1136 und
712 1076 831 1136 Fallen
865 1073 957 1133 derer
978 1073 1183 1133 Familien.

255 1250 369 1310 Unter
402 1249 446 1309 die
473 1249 639 1309 politische
665 1249 831 1309 Räthsel,
858 1249 940 1309 deren
973 1246 1152 1306 Auflösung
1185 1243 1261 1303 statt

251 1300 354 1360 vieler
375 1302 488 1362 andern
520 1300 576 1360 von
608 1300 690 1360 einer
716 1300 886 1360 Akademie
918 1300 969 1360 der
995 1294 1253 1354 Wissenschaften

255 1346 316 1406 mit
342 1351 429 1411 einer
456 1348 594 1408 goldnen
631 1351 795 1411 Medaille
822 1350 955 1410 gekrönt
982 1348 1012 1408 zu
1044 1348 1161 1408 werden
1193 1345 1265 1405 ver¬

251 1398 385 1458 diente,
406 1396 526 1456 gehört
552 1399 619 1459 auch
651 1399 748 1459 dies,
776 1399 832 1459 von
864 1399 915 1459 den
947 1399 1128 1459 Ursachen,
1155 1396 1263 1456 woher

252 1446 374 1506 gewisse
396 1446 550 1506 Familien
583 1446 641 1506 und
669 1446 908 1506 Geschlechter,
935 1449 1068 1509 nachdem
1117 1446 1153 1506 sie
1181 1445 1260 1505 viele

255 1495 368 1555 Jahre
391 1494 445 1554 her
472 1494 526 1554 auf
549 1494 630 1554 einem
668 1494 771 1554 hohen
799 1494 919 1554 Gipfel
941 1495 995 1555 des
1023 1495 1175 1555 Glücks,
1197 1494 1256 1554 und

257 1544 344 1604 einer
370 1542 560 1602 zahlreichen
587 1542 808 1602 Ausbreitung
834 1542 921 1602 ihres
953 1545 1133 1605 Stammes
1154 1545 1262 1605 gestie¬

258 1593 307 1653 gen
343 1595 479 1655 waren,
499 1593 565 1653 mit
586 1593 671 1653 einem
722 1593 792 1653 mal
818 1593 873 1653 von
904 1593 994 1653 ihrer
1020 1593 1120 1653 Höhe
1151 1593 1261 1653 herab¬

253 1643 396 1703 stürzen,
423 1643 503 1703 und,
530 1640 588 1700 wie
610 1640 823 1700 Nordlichte,
834 1640 973 1700 plötzlich
1000 1642 1266 1702 verschwinden?

268 1688 349 1748 Ihre
376 1689 608 1749 Reichthümer
634 1688 762 1748 nehmen
794 1688 861 1748 eben
887 1688 943 1748 so,
974 1688 1031 1748 wie
1062 1688 1108 1748 die
1135 1688 1258 1748 Menge

248 1736 341 1796 ihrer
369 1733 617 1793 Nachkommen
645 1733 706 1793 ab,
739 1733 799 1793 und
833 1732 865 1792 es
894 1732 1029 1792 scheinet
1057 1730 1174 1790 sogar,
1203 1729 1253 1789 daß

259 1778 440 1838 zuweilen,
462 1778 515 1838 der
546 1775 816 1835 eigenthümliche
847 1770 1195 1830 Familiencharacter,
1231 1769 1262 1829 er

261 1825 390 1885 betreffe
412 1822 472 1882 nun
505 1822 553 1882 der
575 1820 672 1880 Geist
694 1822 765 1882 oder
787 1822 835 1882 die
852 1822 1068 1882 Leibeskräfte
1090 1819 1177 1879 eines
1199 1816 1269 1876 Ge¬

259 1876 420 1936 schlechts,
448 1875 498 1935 sich
521 1873 599 1933 schon
633 1873 682 1933 bey
711 1875 760 1935 dem
800 1873 911 1933 dritten
945 1873 1017 1933 oder
1040 1873 1157 1933 vierten
1185 1873 1268 1933 Zeit¬

261 1926 336 1986 alter
358 1926 444 1986 ihres
472 1925 711 1985 Wachsthums
738 1925 901 1985 verlieret.
940 1924 1026 1984 Man
1054 1924 1167 1984 könnte
1190 1924 1254 1984 dies

258 1975 401 2035 Steigen
439 1978 497 2038 und
534 1978 635 2038 Fallen
668 1978 752 2038 derer
780 1978 939 2038 Familien
976 1975 1039 2035 mit
1061 1975 1146 2035 einer
1173 1975 1257 2035 Ebbe

252 2028 314 2088 und
340 2028 433 2088 Fluth
460 2025 678 2085 vergleichen,
710 2025 766 2085 nur
793 2025 844 2085 daß
872 2025 938 2085 man
970 2025 1027 2085 von
1064 2025 1115 2085 der
1137 2025 1250 2085 letztern

259 2078 328 2138 eher
363 2076 427 2136 eine
456 2077 682 2137 physikalische
711 2076 844 2136 Ursache
880 2073 1018 2133 angeben
1065 2076 1174 2136 kann,
1210 2075 1256 2135 als

255 2125 314 2185 von
349 2127 478 2187 jenem.

308 2169 353 2229 Es
376 2173 456 2233 kann
485 2175 546 2235 eine
570 2172 711 2232 Familie
734 2172 814 2232 schon
843 2172 978 2232 ziemlich
1007 2172 1052 2232 alt
1070 2169 1160 2229 seyn,
1178 2169 1262 2229 ohne

258 2223 414 2283 diejenige
448 2223 544 2283 Höhe
572 2220 620 2280 des
648 2220 816 2280 Ansehens
849 2220 908 2280 und
942 2221 990 2281 die
1017 2220 1147 2280 Menge
1175 2217 1261 2277 ihrer

254 2270 387 2330 Zweige
414 2267 542 2327 erreicht
558 2267 589 2327 zu
615 2266 743 2326 haben,
775 2265 919 2325 wodurch
956 2267 991 2327 sie
1018 2270 1110 2330 denen
1142 2267 1265 2327 Zeitge¬

257 2318 362 2378 nossen
398 2315 584 2375 bemerkbar
610 2312 725 2372 wird,
767 2312 827 2372 und
863 2315 913 2375 als
944 2317 988 2377 ein
1020 2318 1256 2378 weitläuftiges

261 2366 448 2426 Geschlecht
465 2362 520 2422 ins
543 2362 630 2422 Auge
653 2360 741 2420 fällt.
791 2362 868 2422 Mit
891 2365 973 2425 einem
1012 2366 1083 2426 mal
1100 2366 1199 2426 glückt
1227 2366 1254 2426 es

258 2417 358 2477 Einem
401 2412 554 2472 Einzigen
592 2408 650 2468 aus
682 2405 766 2465 ihrem
810 2414 979 2474 Stamm,
1011 2416 1063 2476 der
1091 2416 1180 2476 durch
1213 2412 1265 2472 be¬

263 2466 398 2526 sondere
419 2461 629 2521 Verdienste,
657 2457 744 2517 durch
765 2458 880 2518 Fleiß,
915 2466 1003 2526 durch
1024 2464 1260 2524 merkwürdige

255 2515 410 2575 Vorfälle
433 2514 494 2574 und
523 2510 617 2570 große
640 2503 795 2563 Thaten,
829 2509 901 2569 oder
929 2512 1001 2572 auch
1036 2514 1124 2574 durch
1152 2513 1263 2573 Reich¬

264 2566 394 2626 thümer
429 2563 508 2623 seine
542 2560 644 2620 ganze
673 2554 820 2614 Familie
849 2557 956 2617 empor
990 2563 1120 2623 bringt.
1166 2563 1256 2623 Alles

253 2614 358 2674 merkt
381 2611 437 2671 auf
454 2611 510 2671 sie.
561 2605 639 2665 Erst
662 2604 813 2664 wurzelte
841 2604 891 2664 der
920 2611 1049 2671 Stamm
1094 2611 1245 2671 gleichsam

263 2661 326 2721 nur
358 2661 447 2721 unter
480 2658 533 2718 der
554 2655 659 2715 Erde,
686 2655 744 2715 wie
772 2651 871 2711 starke
893 2655 1041 2715 Bäume.
1089 2660 1173 2720 Nun
1200 2658 1268 2718 bre¬

256 2709 325 2769 chen
361 2712 395 2772 sie
431 2709 518 2769 durch
554 2706 599 2766 die
629 2706 734 2766 äußre
758 2700 868 2760 Rinde
898 2702 1014 2762 durch,
1038 2709 1102 2769 und
1126 2709 1259 2769 nehmen

261 2758 310 2818 oft
328 2760 377 2820 die
394 2758 616 2818 vornehmsten
650 2754 760 2814 Plätze
777 2751 893 2811 ganzer
916 2753 1038 2813 Länder
1061 2758 1126 2818 ein.
1160 2759 1259 2819 Diese

259 2808 405 2868 Periode
435 2808 547 2868 dauret
570 2805 632 2865 eine
656 2805 820 2865 Zeitlang.
849 2799 916 2859 Aus
945 2801 1035 2861 diesem
1081 2808 1262 2868 Geschlecht

260 2857 381 2917 werden
419 2855 497 2915 denn
540 2855 587 2915 die
619 2853 745 2913 größten
784 2850 936 2910 Männer
969 2853 1132 2913 gewählt.
1175 2857 1248 2917 Von

266 2909 366 2969 Einem
404 2907 528 2967 Namen
567 2906 660 2966 siehet
686 2906 754 2966 man
792 2905 910 2965 Helden
948 2900 966 2960 —
1023 2906 1179 2966 Gelehrte
1205 2903 1223 2963 -

1291 361 1445 421 Künstler
1474 360 1490 420 —
1552 366 1795 426 Handelsleute
1824 363 1834 423 —
1890 366 2100 426 aufgeweckte
2129 366 2233 426 Köpfe
2251 363 2266 423 -

1292 410 1388 470 reiche
1405 410 1578 470 Patrioten
1611 410 1621 470 —
1681 416 1772 476 Ihre
1789 416 1929 476 Fomilie
1951 416 1983 476 ist
2006 414 2054 474 die
2076 415 2302 475 berühmteste.

1297 458 1365 518 Sie
1387 458 1524 518 beruhet
1546 458 1598 518 auf
1620 463 1757 523 hundert
1773 466 1831 526 und
1853 467 2011 527 mehreren
2038 462 2201 522 Zweigen.
2234 464 2302 524 Sie

1288 509 1330 569 ist
1362 509 1425 569 mit
1457 509 1584 569 Enkeln
1621 511 1684 571 und
1722 515 1875 575 Urenkeln
1913 515 2076 575 gesegnet.
2125 512 2299 572 Niemand

1293 557 1494 617 vermuthet,
1521 557 1578 617 daß
1609 558 1645 618 sie
1666 563 1759 623 unter
1781 564 1826 624 die
1848 563 1987 623 Familie
2009 566 2055 626 der
2082 565 2231 625 Cometen
2258 562 2309 622 ge¬

1295 607 1407 667 höret,
1429 604 1476 664 die
1503 607 1562 667 nur
1584 607 1653 667 eine
1680 610 1824 670 Zeitlang
1851 613 1877 673 zu
1910 613 1995 673 sehen
2022 615 2102 675 sind.

2159 610 2295 670 Endlich

1293 655 1522 715 verschwindet
1542 655 1596 715 sie,
1612 658 1671 718 und
1696 658 1726 718 es
1751 660 1825 720 tritt
1845 661 1909 721 eine
1935 663 2014 723 neue
2035 663 2108 723 auf.

1342 703 1390 763 Um
1428 703 1476 763 die
1498 704 1682 764 Geschichte
1709 709 1763 769 zum
1801 712 1957 772 Vortheil
1985 712 2082 772 dieser
2104 712 2293 772 Erfahrung

1292 755 1520 815 anzuführen,
1547 753 1573 813 so
1605 755 1674 815 will
1696 757 1732 817 ich
1770 759 1828 819 nur
1860 760 1966 820 einige
1993 760 2168 820 Beyspiele
2195 762 2301 822 aufre¬

1295 801 1371 861 gen.
1422 799 1494 859 Die
1522 804 1760 864 Piastische
1789 810 1911 870 Linie
1939 810 2027 870 derer
2050 807 2127 867 alten
2161 807 2310 867 Schlesi¬

1298 850 1373 910 schen
1406 849 1557 909 Herzoge
1585 855 1714 915 blühete
1742 855 1833 915 gegen
1866 858 1930 918 900
1964 858 2098 918 Jahre;
2131 858 2196 918 und
2223 858 2298 918 den¬

1297 901 1367 961 noch
1395 900 1464 960 ging
1487 900 1524 960 sie
1546 900 1638 960 1675
1665 903 1751 963 unter
1779 906 1833 966 dem
1882 906 1979 966 letzten
2012 909 2158 969 Herzoge
2180 903 2293 963 Georg

1300 948 1444 1008 Wilhelm
1483 948 1574 1008 völlig
1602 951 1682 1011 aus.
1731 952 1801 1012 Die
1824 957 1963 1017 Königl.
1980 957 2174 1017 Stuartsche
2196 957 2303 1017 Fami¬

1295 993 1339 1053 lie
1360 998 1506 1058 erreichte
1526 995 1586 1055 mit
1607 995 1657 1055 der
1688 995 1829 1055 Königin
1864 1001 1985 1061 Anna
2016 1004 2070 1064 ihr
2091 1004 2207 1064 Ende;
2237 1004 2297 1064 und

1296 1043 1330 1103 es
1355 1043 1389 1103 ist
1409 1043 1472 1103 nur
1492 1043 1561 1103 sehr
1586 1045 1669 1105 selten
1699 1046 1841 1106 bemerkt
1861 1046 2013 1106 worden,
2038 1052 2092 1112 daß
2127 1052 2214 1112 wenn
2254 1053 2293 1113 ein

1300 1088 1441 1148 gewisses
1467 1089 1649 1149 Geschlecht
1670 1091 1746 1151 etwa
1777 1093 1847 1153 noch
1878 1094 1933 1154 auf
1949 1094 2015 1154 vier
2036 1097 2147 1157 Augen
2173 1099 2309 1159 beruhet

1302 1139 1370 1199 hat,
1392 1136 1440 1196 sich
1467 1139 1600 1199 dasselbe
1622 1139 1738 1199 wieder
1760 1141 1844 1201 sollte
1866 1142 1993 1202 erholet
2010 1145 2132 1205 haben.
2181 1145 2228 1205 In
2261 1145 2308 1205 de¬

1303 1185 1356 1245 nen
1378 1187 1659 1247 Oesterreichschen
1681 1192 1799 1252 Landen
1827 1193 1913 1253 sollen
1941 1195 2108 1255 innerhalb
2130 1193 2189 1253 600
2216 1193 2302 1253 Jah¬

1299 1237 1348 1297 ren
1374 1237 1469 1297 gegen
1495 1237 1580 1297 2000
1610 1237 1726 1297 adliche
1746 1243 1902 1303 Familien
1938 1243 2178 1303 verschwunden
2214 1243 2304 1303 seyn.

1298 1288 1364 1348 Und
1392 1288 1419 1348 es
1448 1288 1520 1348 gibt
1543 1288 1626 1348 keine
1649 1291 1749 1351 Classe
1772 1291 1821 1351 der
1844 1294 2061 1354 menschlichen
2090 1294 2313 1354 Gesellschaft,

1299 1339 1346 1399 die
1368 1339 1420 1399 von
1447 1339 1547 1399 diesem
1584 1342 1753 1402 Schicksal
1780 1345 2039 1405 ausgenommen
2076 1346 2181 1406 wäre.
2229 1345 2297 1405 Die

1303 1390 1454 1450 Gelehrte
1476 1390 1579 1450 aber,
1607 1392 1649 1452 die
1677 1393 1763 1453 selten
1802 1393 1872 1453 ihre
1894 1396 2159 1456 Gelehrsamkeit
2187 1396 2295 1456 erblich

1299 1440 1422 1500 machen
1449 1440 1588 1500 können,
1615 1440 1712 1500 haben
1744 1441 1806 1501 fast
1827 1443 1915 1503 allein
1946 1445 1997 1505 den
2029 1445 2194 1505 traurigen
2221 1443 2308 1503 Vor¬

1292 1490 1373 1550 zug,
1401 1489 1487 1549 selten
1515 1488 1541 1548 in
1569 1488 1655 1548 ihren
1683 1491 1835 1551 Enkeln,
1863 1494 1938 1554 kaum
1977 1494 2003 1554 in
2031 1494 2117 1554 ihren
2151 1491 2291 1551 Söhnen

1299 1541 1328 1601 zu
1354 1539 1469 1599 leben,
1495 1536 1524 1596 es
1550 1538 1660 1598 müßte
1681 1539 1756 1599 denn
1786 1539 1872 1599 seyn,
1898 1542 1952 1602 daß
1978 1542 2013 1602 sie
2038 1542 2083 1602 die
2104 1542 2199 1602 dritte
2219 1542 2289 1602 oder

1300 1587 1396 1647 vierte
1419 1587 1558 1647 Auflage
1586 1587 1672 1647 ihrer
1700 1587 1867 1647 Schriften
1905 1590 1953 1650 für
1986 1590 2034 1650 die
2067 1592 2164 1652 vierte
2192 1592 2283 1652 Nach

1294 1634 1547 1694 kommenschaft
1572 1634 1706 1694 halten,
1741 1635 1800 1695 und
1840 1635 1905 1695 wie
1940 1637 2063 1697 wenige
2104 1640 2222 1700 können
2258 1642 2306 1702 die

1298 1679 1460 1739 Ewigkeit
1491 1679 1539 1739 des
1575 1679 1846 1739 Stammbaums
1876 1682 1964 1742 ihrer
1994 1685 2201 1745 Aukorschaft
2226 1688 2295 1748 auch

1303 1724 1360 1784 nur
1382 1721 1408 1781 so
1435 1721 1510 1781 weit
1528 1721 1811 1781 hinaufbringen!

1345 1767 1410 1827 Ich
1435 1765 1551 1825 läugne
1572 1766 1682 1826 nicht,
1703 1767 1758 1827 daß
1794 1769 1859 1829 man
1895 1772 1980 1832 nicht
2011 1772 2116 1832 einige
2147 1775 2298 1835 besondre

1300 1814 1456 1874 Ursachen
1485 1817 1536 1877 von
1566 1817 1612 1877 dem
1653 1819 1786 1879 Verfall
1804 1822 1925 1882 einiger
1943 1824 2099 1884 Familien
2134 1826 2296 1886 anführen

1299 1867 1441 1927 könnte,
1468 1867 1515 1927 die
1537 1870 1611 1930 dann
1643 1870 1701 1930 und
1728 1873 1823 1933 wann
1850 1876 2045 1936 eintreffen:
2067 1877 2109 1937 sie
2130 1879 2188 1939 sind
2225 1882 2293 1942 aber

1300 1919 1439 1979 niemals
1462 1918 1488 1978 so
1510 1921 1709 1981 allgemein,
1731 1924 1785 1984 daß
1818 1924 1850 1984 sie
1872 1925 1952 1985 nicht
1974 1927 2060 1987 durch
2088 1930 2298 1990 gegenseitige

1300 1966 1476 2026 Beyspiele
1497 1970 1694 2030 umgestoßen
1725 1972 1846 2032 werden
1877 1975 2033 2035 könnten.

1348 2017 1453 2077 Wenn
1486 2020 1527 2080 die
1554 2020 1787 2080 Reichthümer
1809 2023 1893 2083 eines
1920 2025 2089 2085 Einzelnen
2121 2025 2142 2085 in
2174 2025 2221 2085 der
2243 2025 2300 2085 Fa¬

1300 2067 1387 2127 milie
1419 2067 1469 2127 die
1501 2067 1629 2127 Ursache
1666 2069 1722 2129 von
1754 2070 1841 2130 ihrem
1888 2070 1964 2130 Flor
1996 2076 2129 2136 waren,
2151 2073 2207 2133 daß
2243 2073 2294 2133 der

1303 2115 1417 2175 Reiche
1443 2115 1541 2175 seinen
1584 2115 1687 2175 armen
1719 2118 1869 2178 Brüdern
1906 2121 1952 2181 die
1984 2122 2119 2182 nöthige
2140 2122 2306 2182 Unterstü¬

1295 2164 1454 2224 tzungen,
1476 2163 1513 2223 um
1556 2163 1630 2223 ihre
1657 2165 1833 2225 verfallene
1855 2171 1983 2231 Häuser
2015 2172 2073 2232 mit
2095 2175 2207 2235 Glanz
2234 2175 2297 2235 und

1302 2211 1425 2271 Würde
1457 2211 1487 2271 zu
1524 2211 1746 2271 überziehen,
1778 2217 1974 2277 darreichte:
2011 2219 2036 2279 so
2073 2222 2145 2282 kann
2182 2225 2207 2285 ja
2244 2223 2295 2283 der

1303 2261 1431 2321 Verlust
1457 2258 1503 2318 der
1529 2258 1761 2318 Reichthümer
1787 2264 1833 2324 des
1860 2264 2014 2324 Erstern,
2040 2267 2111 2327 auch
2138 2267 2183 2327 den
2215 2267 2297 2327 Ver¬

1306 2312 1362 2372 fall
1378 2312 1429 2372 der
1450 2307 1578 2367 Letztern
1605 2311 1826 2371 verursachen.
1878 2315 1950 2375 Und
1976 2315 2032 2375 auf
2059 2315 2115 2375 wie
2141 2315 2290 2375 vielfache

1300 2362 1383 2422 Art,
1416 2357 1660 2417 Reichthümer
1694 2360 1716 2420 in
1761 2366 1876 2426 großen
1916 2364 2076 2424 Familien
2116 2366 2287 2426 schwinden

1289 2409 1441 2469 können,
1464 2409 1529 2469 dies
1557 2407 1611 2467 ist,
1640 2406 1721 2466 ohne
1743 2417 1962 2477 Erläuterung
1996 2414 2083 2474 durch
2111 2414 2302 2474 Beyspiele,

1304 2461 1380 2521 schon
1408 2458 1558 2518 deutlich.
1608 2456 1696 2516 Man
1725 2461 1790 2521 sagt
1813 2464 1879 2524 oft:
1919 2461 2001 2521 diese
2018 2464 2156 2524 Familie
2179 2466 2300 2526 kommt

1297 2512 1373 2572 ganz
1390 2509 1564 2569 herunter!
1592 2503 1711 2563 Selten
1733 2512 1798 2572 sagt
1820 2514 1885 2574 man
1918 2512 2048 2572 dadurch
2071 2515 2168 2575 etwas
2191 2518 2299 2578 mehr,

1303 2558 1346 2618 als
1379 2557 1432 2617 daß
1466 2559 1519 2619 der
1552 2553 1747 2613 Schutzgott
1775 2563 1959 2623 derselben,
1981 2560 2035 2620 ihr
2062 2566 2284 2626 vornehmstes

1300 2608 1414 2668 Haupt
1437 2605 1567 2665 gefallen
1595 2604 1654 2664 ist;
1682 2608 1742 2668 und
1775 2611 1823 2671 die
1851 2612 1965 2672 andern
1998 2611 2025 2671 in
2059 2613 2156 2673 seinen
2201 2614 2287 2674 Ruin

1306 2655 1478 2715 vergraben
1517 2652 1586 2712 hat.
1653 2654 1755 2714 Wenn
1793 2658 1857 2718 eine
1885 2660 1988 2720 kühne
2021 2663 2291 2723 Unternehmung

1298 2706 1361 2766 dies
1388 2705 1504 2765 Haupt
1526 2700 1636 2760 empor
1658 2702 1737 2762 hob:
1764 2706 1790 2766 so
1817 2709 1927 2769 dauret
1949 2706 1996 2766 oft
2013 2707 2070 2767 sein
2103 2711 2203 2771 Glück
2230 2709 2287 2769 nur

1300 2754 1326 2814 so
1353 2754 1468 2814 lange,
1495 2750 1542 2810 als
1574 2749 1632 2809 das
1654 2753 1753 2813 Glück
1785 2757 1853 2817 eben
1891 2757 1985 2817 dieser
2007 2757 2297 2817 Unternehmung.

1301 2802 1439 2862 Sobald
1462 2799 1509 2859 der
1527 2799 1670 2859 Urheber
1695 2805 1740 2865 der
1764 2805 1873 2865 großen
1903 2806 1989 2866 That
2007 2806 2087 2866 nicht
2106 2805 2197 2865 mehr
2221 2802 2296 2862 gilt:

1301 2853 1323 2913 so
1352 2850 1425 2910 kann
1455 2847 1483 2907 er
1506 2847 1574 2907 auch
1608 2848 1654 2908 die
1683 2852 1785 2912 kleine
1809 2852 2008 2912 Geschöpfe,
2031 2853 2082 2913 die
2105 2852 2202 2912 unter
2231 2849 2282 2909 ihm

1295 2902 1488 2962 anfangen,
1522 2898 1571 2958 sich
1611 2903 1683 2963 groß
1717 2906 1744 2966 zu
1783 2903 1932 2963 machen,
1972 2902 2082 2962 weder
2111 2900 2199 2960 durch
2233 2898 2288 2958 sein

2227 2950 2297 3010 An=
