2479 3508
537 1251 666 1311 68tes
712 1246 879 1306 Stück.
941 1243 1170 1303 Montag,
1209 1240 1276 1300 den
1323 1237 1406 1297 24.
1446 1232 1697 1292 September
1736 1234 1887 1294 1764.

570 1321 823 1381 Hamburg.

211 1384 441 1444 "Reyspiele
474 1377 525 1437 zur
557 1374 704 1434 Bildung
737 1370 826 1430 eines
852 1363 1037 1423 Soldaten.
1083 1358 1197 1418 Erstes

222 1428 474 1488 Stück.
525 1421 570 1481 Tu
606 1419 641 1479 ne
677 1419 747 1479 cede
778 1413 899 1473 malis,
930 1410 975 1470 sed
1011 1404 1122 1464 contra
1148 1401 1203 1461 au-

193 1479 348 1539 „dentior
378 1476 419 1536 ito
456 1473 514 1533 sind
552 1470 605 1530 bey
641 1467 730 1527 Bock
760 1464 819 1524 auf
844 1461 885 1521 10
922 1458 1034 1518 Bogen
1071 1454 1100 1514 in
1136 1451 1195 1511 8vo

187 1525 326 1585 dieses
365 1525 498 1585 Jahres
538 1515 893 1575 herausgekommen."
967 1506 1038 1566 Die
1073 1501 1205 1561 löbliche

196 1581 326 1641 Absicht
349 1575 439 1635 dieses
468 1570 581 1630 Werks
605 1569 724 1629 gehet,
747 1563 809 1623 wie
832 1562 883 1622 der
912 1555 1116 1615 unbekannte
1139 1548 1207 1608 Hr.

197 1630 368 1690 Verfasser
391 1625 418 1685 in
447 1623 496 1683 der
519 1619 668 1679 Vorrede
691 1613 863 1673 schreibet,
891 1608 1013 1668 dahin,
1047 1602 1096 1662 die
1113 1599 1201 1659 Liebe

197 1685 256 1745 zum
311 1678 517 1738 Vaterlande
550 1673 608 1733 und
648 1670 701 1730 den
745 1664 847 1724 Muth
886 1660 918 1720 es
957 1659 989 1719 zu
1032 1652 1211 1712 vertheidi¬

194 1742 253 1802 gen
287 1736 313 1796 zu
341 1733 553 1793 vermehren.
628 1722 688 1782 Ein
722 1721 768 1781 sich
795 1715 888 1775 selbst
915 1710 1109 1770 überlaßner
1136 1702 1202 1762 jun=
1230 1697 1369 1757 kann,
1397 1696 1457 1756 und
1484 1694 1537 1754 von
1571 1694 1657 1754 jedem
1698 1694 1858 1754 Officier,
1892 1694 1945 1754 der
1972 1694 2005 1754 es
2032 1695 2105 1755 lesen
2139 1700 2245 1760 will,

211 1789 272 1849 der
294 1786 458 1846 Mensch,
500 1779 551 1839 der
583 1777 624 1837 zu
656 1773 769 1833 dienen
811 1769 975 1829 anfängt,
1019 1762 1080 1822 und
1122 1754 1214 1814 höch=
1246 1750 1307 1810 mit
1329 1748 1618 1808 Aufmerksamkeit
1629 1748 1721 1808 mehr
1743 1747 1804 1807 wie
1826 1748 1950 1808 einmal
1961 1748 2073 1808 gelesen
2106 1751 2135 1811 zu
2168 1751 2239 1811 wer¬

200 1836 288 1896 stens
313 1829 386 1889 lesen
417 1828 475 1888 und
505 1824 598 1884 etwas
629 1819 780 1879 schreiben
805 1817 963 1877 gelernet,
988 1813 1022 1873 ist
1042 1808 1125 1868 schon
1155 1804 1213 1864 un¬

199 1885 244 1945 ter
268 1877 317 1937 die
337 1873 555 1933 gutgearteten
583 1867 615 1927 zu
643 1861 780 1921 zählen,
803 1855 894 1915 wenn
926 1852 958 1912 er
982 1852 1063 1912 nicht
1092 1850 1118 1910 im
1165 1847 1214 1907 be¬

205 1926 371 1986 ständigen
397 1918 455 1978 und
480 1909 740 1969 unordentlichen
770 1900 863 1960 Leben
888 1897 1089 1957 Vergnügen
1114 1891 1211 1951 sucht.

213 1975 272 2035 Ein
303 1969 407 2029 solcher
431 1960 542 2020 junger
566 1957 693 2017 Mensch
724 1948 798 2008 wird
822 1948 873 2008 sich
897 1946 948 2006 die
964 1944 1032 2004 Zeit
1048 1940 1069 2000 im
1100 1936 1212 1996 Quar=
1236 1931 1280 1991 ne
1311 1930 1491 1990 Beyspiele
1514 1930 1543 1990 in
1574 1930 1611 1990 IV
1657 1933 1776 1993 Classen
1814 1936 2039 1996 eingetheilet,
2078 1942 2145 2002 und
2176 1942 2235 2002 win

200 2028 265 2088 tier
287 2022 359 2082 oder
382 2016 439 2076 auf
455 2008 608 2068 Wachten
638 2005 695 2065 mit
718 1999 827 2059 Lesung
857 1995 965 2055 solcher
988 1988 1119 2048 Bücher
1142 1986 1206 2046 ver=
1236 1981 1375 2041 wollen,
1405 1978 1484 2038 ohne
1514 1978 1586 2038 eine
1608 1978 1783 2038 ängstliche
1806 1981 1907 2041 Wahl
1937 1984 2155 2044 anzustellen,
2178 1993 2235 2053 aus

207 2076 351 2136 treiben,
381 2064 483 2124 davon
514 2058 562 2118 der
580 2055 688 2115 größte
713 2049 809 2109 Theil
834 2046 888 2106 ihm
931 2043 1020 2103 mehr
1045 2034 1195 2094 Schaden
1232 2032 1323 2092 jeder
1347 2028 1413 2088 eins
1438 2027 1491 2087 zur
1516 2027 1630 2087 Probe
1649 2027 1823 2087 hersetzen.

201 2127 253 2187 als
277 2119 399 2179 Nutzen
423 2110 533 2170 schaft.
557 2103 872 2163 Abentheuerliche,
885 2094 1071 2154 einfältige,
1089 2085 1211 2145 schlecht

200 2177 261 2237 und
290 2170 407 2230 gemein
441 2161 598 2221 denkende
616 2151 913 2211 Liebesgeschichte,
931 2146 992 2206 sind
1020 2139 1211 2199 diejenigen,

198 2227 254 2287 auf
278 2219 386 2279 welche
411 2213 542 2273 alsdenn
571 2205 795 2265 gemeiniglich
825 2200 870 2260 die
888 2199 990 2259 Wahl
1008 2192 1100 2252 fällt.
1124 2187 1220 2247 Ohn¬

212 2270 340 2330 fehlbar
363 2262 492 2322 würden
520 2256 622 2316 edlere
650 2252 709 2312 und
732 2252 758 2312 in
796 2249 850 2309 der
866 2245 1050 2305 Wahrheit
1073 2238 1126 2298 der
1148 2233 1218 2293 Ge¬

215 2324 339 2384 schichte
362 2315 560 2375 gegründete
583 2300 808 2360 Erzahlungen
837 2299 921 2359 einen
950 2293 1062 2353 solchen
1091 2287 1204 2347 jungen

210 2375 387 2435 Menschen
415 2364 481 2424 eben
515 2355 636 2415 sowohl
653 2351 863 2411 vergnügen,
891 2346 979 2406 wenn
1013 2339 1051 2399 sie
1074 2339 1129 2399 von
1163 2334 1206 2394 der

216 2419 482 2479 Beschaffenheit
500 2408 587 2468 sind,
623 2399 703 2459 seine
727 2399 877 2459 Neugier
908 2396 936 2456 zu
971 2388 1151 2448 erwecken,
1180 2382 1214 2442 sie

215 2474 249 2534 zu
277 2468 418 2528 erhalten
447 2462 502 2522 und
537 2455 565 2515 zu
600 2446 825 2506 befriedigen,
854 2446 938 2506 ohne
967 2440 1017 2500 ihn
1046 2437 1079 2497 zu
1114 2435 1215 2495 ermü¬

206 2520 287 2580 den.
337 2511 511 2571 Vielleicht
539 2501 576 2561 ist
604 2497 648 2557 ein
681 2497 795 2557 solches
829 2496 921 2556 Buch
959 2488 1013 2548 das
1053 2481 1215 2541 allerbeste

219 2563 357 2623 Mittel,
382 2560 436 2620 ihm
485 2553 533 2613 den
564 2545 751 2605 Geschmack
782 2547 842 2607 und
866 2543 963 2603 Trieb
1000 2531 1217 2591 einzuflößen,

216 2611 390 2671 diejenigen
423 2602 554 2662 Bücher
570 2596 601 2656 zu
628 2593 734 2653 lesen,
761 2596 872 2656 welche
899 2592 940 2652 die
967 2581 1152 2641 Geschichte
1174 2577 1194 2637 im
1253 2572 1385 2632 wonnen
1412 2571 1495 2631 war.

220 2655 524 2715 Zusammenhange
547 2642 740 2702 vortragen.
785 2643 873 2703 Man
907 2636 1045 2696 bemerke
1062 2631 1139 2691 nur,
1157 2626 1211 2686 wie

226 2716 288 2776 sehr
312 2706 409 2766 junge
427 2700 570 2760 Officiers
600 2694 657 2754 und
686 2691 772 2751 selbst
796 2694 841 2754 der
865 2685 1117 2745 neugeworbene
1141 2675 1210 2735 noch

211 2764 413 2824 unerfahrne
431 2748 574 2808 Bursche
593 2742 651 2802 mit
670 2739 860 2799 Vergnügen
891 2741 938 2801 dem
980 2734 1057 2794 alten
1081 2727 1199 2787 Kriegs

208 2819 360 2879 knechte,
398 2804 448 2864 der
487 2796 582 2856 lange
608 2793 639 2853 im
684 2788 823 2848 Dienste
855 2790 1026 2850 gewesen,
1058 2780 1216 2840 zuhören,

222 2871 308 2931 wenn
333 2862 364 2922 er
389 2849 556 2909 dasjenige
582 2842 743 2902 erzählet,
762 2838 830 2898 was
862 2838 886 2898 er
911 2841 935 2901 im
973 2836 1072 2896 Felde
1091 2828 1214 2888 gesehen

224 2924 294 2984 und
318 2915 435 2975 erlebet
452 2901 523 2961 hat.
571 2894 649 2954 Der
681 2891 744 2951 Abt
769 2888 909 2948 Raynal
934 2891 1044 2951 mußte
1068 2887 1130 2947 auf
1155 2875 1225 2935 Be=

1231 1306 1300 1366 fehl
1324 1306 1370 1366 der
1406 1303 1626 1363 französischen
1662 1300 1848 1360 Regierung
1883 1303 1941 1363 aus
1971 1303 2022 1363 der
2052 1308 2238 1368 Geschichte

1238 1351 1330 1411 solche
1351 1351 1439 1411 Züge
1471 1349 1687 1409 kriegerischer
1713 1351 1930 1411 Handlungen
1967 1354 2152 1414 sammlen,
2174 1361 2235 1421 aus

1226 1399 1318 1459 denen
1357 1398 1591 1458 Munterkeit,
1619 1399 1733 1459 scharfe
1767 1399 1930 1459 Einsicht,
1958 1403 2242 1463 Menschenliebe,

1234 1445 1444 1505 Gegenwart
1472 1446 1520 1506 des
1553 1445 1709 1505 Geistes,
1748 1446 2051 1506 Standhaftigkeit
2078 1452 2137 1512 und
2165 1455 2240 1515 Hel¬

1229 1495 1380 1555 denmuth
1408 1493 1690 1553 hervorleuchten.
1740 1491 1810 1551 Die
1833 1494 2071 1554 gegenwärtige
2093 1501 2245 1561 Samm¬

1230 1545 1309 1605 lung
1336 1543 1372 1603 ist
1394 1542 1462 1602 eine
1484 1542 1726 1602 Nachahmung
1754 1542 1885 1602 davon,
1907 1542 1970 1602 und
1998 1542 2034 1602 sie
2061 1548 2240 1608 verdienet,

1233 1593 1259 1653 so
1286 1593 1343 1653 wie
1365 1593 1412 1653 die
1444 1593 1529 1653 schon
1562 1593 1640 1653 ganz
1667 1593 1810 1653 bekannt
1837 1593 2007 1653 gewordne
2039 1596 2234 1656 Preußische

1234 1644 1461 1704 Kriegslieder
1483 1643 1537 1703 von
1570 1643 1651 1703 jedem
1695 1643 1890 1703 Soldaten,
1923 1642 1976 1702 der
2004 1643 2117 1703 deutsch
2150 1646 2226 1706 lesen

1236 1801 1321 1861 den,
1344 1802 1408 1862 und
1436 1799 1478 1859 ein
1506 1799 1592 1859 jeder
1614 1799 1754 1859 Patriet
1781 1798 1862 1858 wird
1895 1799 1937 1859 die
1971 1799 2100 1859 baldige
2122 1802 2240 1862 Fortfe¬

1239 1843 1324 1903 tzung
1358 1843 1454 1903 dieses
1487 1843 1605 1903 Werks
1633 1843 1827 1903 wünschen,
1860 1845 1913 1905 das
1952 1845 2064 1905 immer
2097 1847 2140 1907 ein
2173 1850 2242 1910 Ta¬

1233 1885 1393 1945 schenbuch
1419 1886 1555 1946 abgeben
1585 1888 1686 1948 kann.
1737 1885 1812 1945 Der
1832 1888 1897 1948 Hr.
1918 1890 2084 1950 Verfasser
2110 1894 2165 1954 hat
2185 1896 2240 1956 sei¬

1473 2076 1507 2136 I.
1531 2076 1986 2136 Unerschrockenheit.

1282 2127 1394 2187 König
1412 2124 1553 2184 Wilhelm
1595 2125 1648 2185 von
1672 2127 1819 2187 England
1838 2130 1955 2190 lieferte
1980 2130 2003 2190 im
2039 2132 2127 2192 Jahr
2145 2133 2227 2193 1690

1240 2184 1290 2244 den
1325 2176 1500 2236 Jacobiten
1541 2175 1608 2235 eine
1637 2179 1813 2239 Schlacht.
1870 2181 2046 2241 Während
2081 2184 2233 2244 derselben

1240 2229 1392 2289 pflanzten
1422 2223 1461 2283 die
1478 2228 1615 2288 letzteren
1638 2230 1649 2290 2
1661 2231 1837 2291 Feldstücke
1854 2230 1968 2290 gerade
1985 2232 2070 2292 gegen
2100 2234 2144 2294 ihn
2168 2235 2241 2295 über

1243 2279 1306 2339 und
1333 2273 1555 2333 verwundeten
1583 2279 1656 2339 ihn,
1683 2279 1837 2339 wiewohl
1858 2282 1922 2342 nur
1944 2283 2049 2343 leicht,
2070 2285 2129 2345 mit
2156 2288 2240 2348 einer

1239 2327 1438 2387 6pfündigen
1467 2329 1727 2389 Kanonenkugel
1745 2333 1777 2393 an
1806 2333 1861 2393 der
1878 2333 2050 2393 Schulter.
2078 2336 2222 2396 Wilhelm

1238 2378 1307 2438 war
1329 2375 1382 2435 der
1404 2372 1548 2432 einzige,
1575 2380 1628 2440 der
1650 2381 1735 2441 nicht
1752 2384 1890 2444 darüber
1917 2384 2082 2444 erschrack.

2150 2387 2234 2447 Der

1253 2423 1415 2483 "Schuß,
1442 2423 1528 2483 sagte
1561 2429 1614 2489 er,
1647 2435 1760 2495 müßte
1788 2432 1873 2492 nicht
1907 2432 2008 2492 näher
2047 2432 2208 2492 kommen.

1248 2475 1290 2535 Er
1312 2473 1369 2533 ließ
1396 2470 1443 2530 sich
1475 2473 1596 2533 darauf
1623 2479 1659 2539 an
1696 2482 1744 2542 der
1771 2479 1886 2539 Spitze
1918 2476 1965 2536 der
1987 2479 2139 2539 Truppen
2177 2482 2245 2542 ver¬

1251 2522 1388 2582 binden,
1413 2521 1473 2581 und
1504 2528 1581 2588 blieb
1612 2530 1641 2590 zu
1672 2530 1816 2590 Pferde,
1853 2529 1900 2589 bis
1931 2527 1979 2587 die
2004 2528 2159 2588 Schlacht
2196 2533 2244 2593 ge=

1332 2620 1387 2680 II.
1406 2623 1556 2683 Furcht
1581 2629 1661 2689 und
1693 2624 1842 2684 falsche
1874 2623 2154 2683 Tapferkeit.

1296 2670 1357 2730 Als
1386 2673 1578 2733 Nimwegen
1607 2679 1634 2739 im
1669 2675 1758 2735 Jahr
1787 2670 1869 2730 1591
1898 2670 1952 2730 vom
1994 2674 2098 2734 Prinz
2126 2679 2249 2739 Moritz

1244 2719 1302 2779 von
1329 2721 1472 2781 Oranien
1505 2726 1648 2786 belagert
1670 2721 1793 2781 wurde,
1821 2718 1841 2778 so
1869 2721 2065 2781 antwortete
2087 2724 2135 2784 die
2157 2727 2252 2787 Spa¬

1247 2771 1347 2831 nische
1367 2773 1544 2833 Besatzung
1571 2776 1621 2836 auf
1648 2774 1691 2834 die
1711 2768 1958 2828 Aufforderung
1984 2772 2149 2832 spöttisch:
2194 2776 2251 2836 der

1253 2816 1389 2876 "Prinz
1408 2823 1496 2883 wäre
1521 2826 1616 2886 jung,
1628 2823 1681 2883 und
1705 2819 1818 2879 müßte
1842 2818 1889 2878 den
1914 2822 2008 2882 Platz
2027 2823 2074 2883 als
2099 2823 2163 2883 eine
2188 2826 2258 2886 jun¬

1275 2870 1320 2930 ge
1344 2873 1453 2933 Dame
1477 2876 1679 2936 betrachten,
1703 2870 1835 2930 welcher
1858 2870 1887 2930 er
1910 2871 1968 2931 erst
1986 2872 2089 2932 einige
2113 2873 2187 2933 Zeit
2205 2873 2257 2933 die

2165 2923 2269 2983 Auf=
