2479 3508
219 374 435 434 Fröhlichkeit
456 369 510 429 mit
531 366 612 426 ihrer
633 360 775 420 Materie
796 359 1047 419 gewissermaßen
1068 360 1195 420 gleichen

215 420 284 480 Ton
316 419 416 479 halten
442 413 568 473 müßte.
613 407 845 467 Vornehmlich
871 407 946 467 aber
966 409 1117 469 geschieht
1136 406 1198 466 dies

218 470 307 530 gegen
333 466 385 526 das
411 459 520 519 Ende.
566 452 643 512 Der
663 454 740 514 Arzt
760 455 889 515 verliert
915 455 966 515 sich
992 455 1057 515 hier
1083 455 1204 515 völlig;

223 518 278 578 und
314 514 341 574 es
377 508 475 568 bleibt
497 503 596 563 nichts
625 503 743 563 übrig,
765 503 814 563 als
850 506 899 566 der
921 503 1033 563 witzige
1062 503 1209 563 Schrift¬

466 655 663 715 Berlin,
692 656 741 716 den
792 658 833 718 7.
863 659 954 719 Aug.

264 708 339 768 Se.
359 706 454 766 Maj.
474 706 518 766 der
544 706 647 766 König
673 703 768 763 haben
807 704 857 764 den
891 708 1069 768 bisherigen
1108 706 1203 766 Obri¬

208 760 266 820 sten
295 757 347 817 des
371 754 475 814 Prinz
499 752 638 812 Wilhelm
680 751 732 811 von
762 754 1099 814 Braunschweigschen
1134 753 1203 813 In¬

209 801 546 861 fanterieregiments,
572 798 676 858 Herrn
708 798 759 858 von
791 798 982 858 Stoientin,
1004 801 1056 861 zum
1098 798 1206 858 Gene¬

212 852 366 912 ralmajor
393 849 418 909 zu
450 845 625 905 ernennen,
641 845 703 905 und
724 843 775 903 ihm
817 846 946 906 zugleich
972 846 1028 906 das
1050 843 1199 903 erledigte

208 896 435 956 Lindstadtsche
463 894 820 954 Infanterieregiment
848 894 1076 954 allergnädigst
1104 894 1130 954 zu
1163 891 1206 951 er¬

208 945 323 1005 theilen
351 943 500 1003 geruhet.
539 939 616 999 Den
644 944 709 1004 4ten
738 942 831 1002 dieses
853 942 891 1002 ist
909 942 958 1002 der
980 942 1095 1002 zweyte
1113 939 1200 999 Prä¬

209 991 304 1051 sident
331 992 379 1052 des
412 991 678 1051 Oberconsistorii
710 990 768 1050 und
801 990 956 1050 Director
983 990 1035 1050 des
1068 990 1206 1050 Armen¬

210 1040 419 1100 Directorii,
439 1043 524 1103 Herr
556 1043 611 1103 von
636 1043 896 1103 Schulenburg,
921 1040 982 1100 mit
1002 1040 1087 1100 Tode
1107 1040 1199 1100 abge¬

210 1091 362 1151 gangen.

292 1142 360 1202 Aus
391 1142 436 1202 dem
490 1136 803 1196 Magdeburgschen,
827 1136 887 1196 vom
934 1136 994 1196 19.
1018 1136 1101 1196 Jul.

255 1187 329 1247 Vor
359 1187 462 1247 kurzen
492 1184 549 1244 hat
567 1182 630 1242 man
665 1181 688 1241 in
717 1182 844 1242 hiesiger
868 1183 1001 1243 Gegend
1030 1184 1076 1244 den
1105 1181 1203 1241 Com¬

210 1232 373 1292 missarium
422 1228 543 1288 Stein,
575 1227 676 1287 (einen
703 1226 861 1286 getauften
894 1228 1047 1288 Juden,)
1075 1225 1201 1285 welcher

214 1278 258 1338 sich
289 1276 314 1336 zu
340 1273 522 1333 Amsterdam
563 1273 785 1333 aufgehalten,
810 1270 855 1330 als
881 1273 967 1333 einen
993 1270 1194 1330 Arrestanten

199 1323 269 1383 nach
300 1318 416 1378 Berlin
443 1315 675 1375 transportirt.
722 1315 838 1375 Dieses
864 1315 899 1375 ist
920 1315 971 1375 der
1002 1315 1098 1375 Jude
1129 1312 1184 1372 von

216 1369 264 1429 dem
302 1366 326 1426 in
357 1363 479 1423 unserer
505 1360 620 1420 letztern
646 1363 774 1423 Zeitung
799 1363 884 1423 unter
904 1360 946 1420 dem
990 1360 1112 1420 Artikel
1125 1357 1198 1417 Am¬

207 1415 323 1475 sterdam
367 1409 531 1469 erwaͤhnet
548 1407 690 1467 worden.

469 1455 620 1515 Wien,
653 1455 703 1515 den
748 1455 811 1515 18.
837 1452 919 1512 Jul.

255 1506 328 1566 Der
360 1502 512 1562 General
538 1503 593 1563 von
624 1500 814 1560 Brentano,
846 1500 975 1560 welcher
1000 1497 1091 1557 unter
1123 1497 1171 1557 dem

204 1557 354 1617 General
372 1556 424 1616 von
454 1554 535 1614 Beck
559 1554 587 1614 zu
617 1551 773 1611 Carlstadt
797 1548 820 1608 in
850 1548 995 1608 Croatien
1030 1545 1192 1605 comman¬

202 1608 282 1668 dirte
301 1608 363 1668 und
388 1608 437 1668 sich
469 1605 499 1665 im
543 1602 660 1662 letztern
692 1602 809 1662 Kriege
841 1599 908 1659 sehr
934 1599 1169 1659 hervorgethan

207 1661 250 1721 ist
264 1656 441 1716 gestorben.

427 1704 694 1764 Hannover,
723 1701 771 1761 den
815 1700 870 1760 27.
892 1700 976 1760 Jul.

251 1755 327 1815 Von
360 1757 538 1817 Göttingen
564 1754 602 1814 ist
622 1754 666 1814 die
686 1751 859 1811 Nachricht
885 1748 1102 1808 eingelaufen,
1134 1748 1185 1808 daß

202 1805 282 1865 allda
313 1805 364 1865 der
385 1800 716 1860 Generallieutenant
737 1796 787 1856 von
818 1796 940 1856 Block,
966 1795 1016 1855 der
1037 1795 1077 1855 60
1108 1796 1199 1856 Jahr

204 1850 233 1910 in
263 1846 399 1906 Königl.
417 1846 476 1906 und
507 1841 707 1901 Churfürstl.
726 1837 873 1897 Diensten
903 1837 1057 1897 gewesen,
1082 1837 1199 1897 gestor¬

205 1897 285 1957 ben.

420 1928 690 1988 Commeroy,
713 1924 763 1984 den
801 1921 859 1981 19.
889 1921 968 1981 Jul.

251 1987 332 2047 Der
351 1981 438 2041 Graf
458 1977 513 2037 von
539 1972 720 2032 Woronzow
758 1969 977 2029 Großkanzler
1009 1966 1064 2026 von
1096 1963 1189 2023 Ruß¬

209 2040 301 2100 land,
327 2032 414 2092 hielte
441 2025 490 2085 sich
509 2023 596 2083 nebst
616 2019 709 2079 seiner
735 2017 884 2077 Gemalin
910 2017 966 2077 und
992 2014 1041 2074 der
1061 2013 1179 2073 Gräfin

210 2083 408 2143 Stroganow
439 2072 529 2132 seiner
548 2067 698 2127 Tochter,
711 2066 765 2126 auf
778 2067 923 2127 Ersuchen
947 2067 1019 2127 Sr.
1032 2062 1122 2122 Maj.
1135 2059 1182 2119 des

204 2130 334 2190 Königs
358 2124 410 2184 von
441 2121 541 2181 Polen
566 2118 577 2178 2
613 2118 696 2178 Tage
720 2116 832 2176 allhier
844 2115 914 2175 auf,
939 2115 1010 2175 Se.
1034 2113 1128 2173 Maj.
1147 2110 1193 2170 er¬

209 2179 321 2239 zeigten
351 2173 463 2233 Ihnen
499 2169 564 2229 eine
595 2169 789 2229 vorzügliche
820 2166 961 2226 Achtung
991 2166 1050 2226 und
1081 2160 1180 2220 ließen

200 2229 292 2289 ihnen
320 2226 422 2286 einige
450 2222 591 2282 Zimmer
630 2216 683 2276 auf
711 2214 787 2274 dero
826 2214 950 2274 Schloß
978 2212 1184 2272 einräumen.

200 2276 303 2336 Diese
330 2271 504 2331 vornehme
533 2263 668 2323 Fremde
696 2258 793 2318 setzten
837 2264 968 2324 hierauf
991 2260 1061 2320 ihre
1089 2258 1186 2318 Reise

207 2328 272 2388 nach
300 2326 406 2386 Paris
433 2318 513 2378 fort.
561 2313 634 2373 Die
655 2309 834 2369 Nachricht
855 2311 895 2371 ist
916 2312 975 2372 also
1009 2306 1188 2366 ungegrün=

204 2378 271 2438 det,
292 2376 339 2436 als
367 2372 449 2432 wenn
477 2369 517 2429 sie
538 2360 667 2420 plötzlich
695 2357 742 2417 den
770 2359 892 2419 Befehl
913 2358 1076 2418 erhalten,
1111 2354 1178 2414 nach

211 2423 412 2483 Petersburg
443 2416 550 2476 zurück
574 2410 603 2470 zu
627 2402 757 2462 kehren.

412 2458 683 2518 Stockholm,
710 2452 766 2512 vom
811 2455 873 2515 23.
906 2455 987 2515 Jul.

265 2506 331 2566 Den
359 2510 461 2570 26sten
488 2509 542 2569 des
563 2498 779 2558 abgewichnen
808 2503 950 2563 Monats
985 2497 1017 2557 ist
1039 2494 1093 2554 von
1127 2493 1180 2553 des

209 2564 333 2624 Königs
363 2557 457 2617 Maj.
475 2557 522 2617 der
546 2549 676 2609 Bischof
694 2544 764 2604 über
789 2550 924 2610 Calmar
942 2546 1036 2606 Stift
1055 2542 1178 2602 Doctor

214 2608 363 2668 Magnus
392 2604 531 2664 Berojus
560 2597 606 2657 zum
648 2590 826 2650 Erzbischof
850 2598 901 2658 und
925 2590 1179 2650 Procancellario

207 2661 258 2721 der
279 2652 449 2712 Academie
471 2648 496 2708 zu
528 2643 620 2703 Upsal
641 2640 666 2700 in
694 2641 827 2701 Gnaden
858 2643 1023 2703 verordnet
1045 2641 1184 2701 worden.

340 2700 470 2760 Auszug
498 2693 586 2753 eines
615 2688 814 2748 Schreibens
849 2692 903 2752 aus
938 2694 1061 2754 Paris,

572 2737 629 2797 vom
671 2737 711 2797 9.
741 2736 821 2796 Jul.

212 2858 306 2918 haben
336 2858 407 2918 soll,
430 2853 473 2913 ist
488 2847 596 2907 bisher
619 2844 713 2904 unter
743 2841 793 2901 dem
830 2845 953 2905 Namen
983 2849 1083 2909 Jsles
1106 2843 1184 2903 Ma=

1235 357 1363 417 steller,
1396 357 1447 417 den
1479 357 1549 417 man
1583 354 1652 414 blos
1691 357 1762 417 noch
1795 360 1826 420 an
1865 360 1987 420 einigen
2019 363 2224 423 Ausdrücken

1233 404 1284 464 die
1305 404 1429 464 Kunst,
1456 403 1507 463 der
1528 401 1558 461 er
1580 401 1626 461 sich
1652 404 1828 464 gewidmet
1844 407 1916 467 hat,
1938 407 2103 467 anmerken
2134 410 2227 470 kann.

1236 452 1349 512 Kostet
1381 450 1405 510 in
1443 449 1676 509 vorbemeldten
1720 455 1927 515 Kanterschen
1972 458 2210 518 Buchhandlun

1235 501 1288 561 gen
1322 500 1362 560 15
1389 502 1442 562 gr.

1235 655 1366 715 louines
1400 656 1538 716 bekannt
1561 655 1716 715 gewesen.
1788 655 1904 715 Diesen
1943 658 2070 718 Namen
2110 658 2164 718 hat
2193 661 2225 721 sie

1243 708 1269 768 zu
1296 703 1401 763 Ehren
1428 703 1480 763 der
1502 703 1612 763 Stadt
1634 703 1702 763 St.
1718 703 1818 763 Malo
1840 706 2050 766 bekommen,
2072 706 2151 766 weil
2178 709 2214 769 ein

1238 751 1351 811 Schiff
1372 748 1465 808 dieses
1492 748 1590 808 Ortes
1616 751 1745 811 dieselbe
1767 751 1864 811 zuerst
1886 751 2020 811 entdeckt
2041 751 2108 811 hat.
2134 753 2222 813 Man

1233 798 1339 858 dachte
1361 795 1493 855 bisher,
1521 795 1547 855 es
1574 795 1658 855 wäre
1680 798 1749 858 eine
1771 798 1871 858 Reihe
1893 798 1951 858 von
1978 798 2126 858 Inseln,
2148 801 2222 861 oder

1233 843 1393 903 vielmehr
1414 840 1580 900 Klippen,
1606 844 1637 904 es
1663 843 1699 903 ist
1720 846 1787 906 aber
1813 846 1869 906 nun
1907 846 2139 906 ausgemacht,
2165 849 2222 909 daß

1234 888 1267 948 es
1295 891 1361 951 eine
1384 891 1499 951 einzige
1522 891 1621 951 Insel
1644 891 1820 951 ohngefähr
1843 891 1876 951 80
1910 891 2108 951 französische
2137 894 2225 954 Mei¬

1235 939 1282 999 len
1309 939 1330 999 im
1373 939 1515 999 Umkreis
1542 939 1595 999 ist.
1643 939 1716 999 Sie
1744 939 1854 999 bringt
1876 939 1955 999 alles
1988 939 2125 999 hervor,
2152 941 2220 1001 was

1237 991 1287 1051 zum
1327 990 1621 1050 Lebensunterhalt
1639 990 1740 1050 nöthig
1770 988 1826 1048 ist,
1855 990 1911 1050 hat
1940 990 2013 1050 gute
2030 990 2132 1050 Häfen
2166 990 2217 1050 für

1234 1037 1283 1097 die
1317 1034 1445 1094 Schiffe
1485 1040 1545 1100 und
1580 1040 1657 1100 liegt
1691 1040 1757 1100 sehr
1786 1040 1897 1100 bequem
1948 1040 1997 1100 zur
2025 1037 2220 1097 Handlung.

1231 1082 1298 1142 Sie
1321 1085 1398 1145 liegt
1416 1088 1471 1148 auf
1494 1088 1532 1148 80
1567 1088 1689 1148 Meilen
1723 1088 1751 1148 in
1785 1088 1879 1148 Latit.
1908 1087 1947 1147 52
1981 1088 2142 1148 Ostwerts
2176 1088 2220 1148 ge=

1230 1135 1284 1195 gen
1328 1133 1382 1193 der
1431 1134 1561 1194 Straße
1605 1136 1664 1196 von
1713 1136 1881 1196 Magellan
1936 1133 2033 1193 über.

2111 1136 2217 1196 Unser

1233 1179 1305 1239 Hof
1331 1181 1418 1241 hatte
1445 1181 1501 1241 vor
1532 1182 1614 1242 einem
1656 1181 1743 1241 Jahr
1775 1181 1836 1241 zwo
1868 1181 2027 1241 Fregatten
2069 1178 2120 1238 von
2152 1184 2224 1244 St.

1233 1227 1334 1287 Malo
1356 1228 1445 1288 dahin
1473 1225 1632 1285 gesendet.
1680 1225 1770 1285 Man
1803 1224 1861 1284 gab
1888 1224 1967 1284 vor,
1995 1225 2074 1285 diese
2096 1225 2223 1285 Schiffe

1234 1272 1337 1332 wären
1367 1273 1435 1333 nach
1460 1267 1628 1327 Ostindien
1658 1267 1829 1327 bestimmt,
1855 1267 1963 1327 welche
1983 1266 2017 1326 sie
2037 1270 2120 1330 nun,
2145 1270 2223 1330 weil

1235 1312 1269 1372 sie
1295 1315 1491 1375 unbewohnt
1511 1313 1561 1373 ist,
1577 1312 1601 1372 in
1627 1312 1732 1372 Besitz
1753 1312 1958 1372 genommen,
1975 1314 2029 1374 und
2055 1315 2095 1375 ein
2120 1315 2215 1375 Paar

1229 1357 1327 1417 Forts
1352 1360 1464 1420 darauf
1490 1360 1656 1420 angelegt,
1691 1359 1759 1419 auch
1789 1359 1857 1419 eine
1877 1360 2053 1420 Besatzung
2084 1363 2215 1423 daselbst

1228 1404 1336 1464 zurück
1357 1404 1502 1464 gelaßen.
1555 1404 1690 1464 Gestern
1722 1404 1846 1464 wurden
1878 1404 1960 1464 4000
1992 1405 2059 1465 Pf.
2080 1410 2220 1470 Schieß¬

1228 1451 1338 1511 pulver
1365 1452 1433 1512 nach
1455 1452 1719 1512 Philadelphia,
1746 1454 1803 1514 und
1830 1454 1893 1514 eine
1915 1455 2088 1515 unsägliche
2115 1457 2215 1517 Men¬

1225 1502 1260 1562 ge
1287 1500 1415 1560 Pulver
1447 1500 1504 1560 und
1535 1501 1623 1561 Bley
1654 1500 1742 1560 nebst
1768 1497 1850 1557 1100
1887 1502 2047 1562 Qvarters
2079 1503 2202 1563 Weizen

1222 1546 1288 1606 nach
1317 1548 1500 1608 Portugall
1518 1548 1712 1608 eingeschift.
1736 1545 1807 1605 Der
1825 1548 2008 1608 Erzbischof
2031 1551 2086 1611 von
2109 1553 2214 1613 Sois¬

1233 1596 1297 1656 sons
1330 1599 1453 1659 Herzog
1486 1599 1540 1659 von
1567 1600 1787 1660 Fitz=James,
1815 1599 1933 1659 ältester
1961 1602 2213 1662 Großalmosen¬

1232 1649 1344 1709 pfleger
1368 1649 1421 1709 des
1439 1649 1564 1709 Königs
1594 1649 1647 1709 und
1671 1649 1754 1709 Pair
1778 1649 1831 1709 von
1855 1649 2033 1709 Frankreich
2057 1652 2127 1712 starb
2158 1652 2204 1712 den

1233 1700 1321 1760 19ten
1354 1698 1447 1758 dieses
1467 1700 1492 1760 im
1537 1700 1638 1760 55sten
1670 1700 1757 1760 Jahr
1784 1700 1877 1760 seines
1903 1700 2029 1760 Alters.

1471 1753 1673 1813 London,
1714 1753 1765 1813 den
1801 1751 1864 1811 20.
1887 1754 1973 1814 Jul.

1277 1797 1414 1857 Gestern
1446 1801 1552 1861 wurde
1577 1801 1633 1861 das
1659 1802 1803 1862 Landgut
1828 1799 1853 1859 in
1885 1802 2222 1862 Buckinghamshire,

1227 1837 1355 1897 welches
1380 1840 1523 1900 vormals
1552 1843 1604 1903 dem
1643 1843 1790 1903 bekufnen
1824 1843 1915 1903 Hrn.
1944 1846 2034 1906 John
2073 1846 2216 1906 Wilkes,

1225 1879 1283 1939 von
1315 1882 1405 1942 dessen
1433 1885 1554 1945 jetzigen
1582 1888 1788 1948 Auffenthalt
1805 1885 1863 1945 wir
1885 1890 1986 1950 nichts
2018 1888 2124 1948 sichres
2156 1892 2225 1952 wis¬

1225 1924 1294 1984 sen,
1320 1927 1505 1987 zugehörte,
1536 1930 1565 1990 in
1596 1930 1681 1990 einer
1707 1930 1897 1990 öffentlichen
1933 1933 2063 1993 Anction
2093 1936 2123 1996 an
2154 1936 2198 1996 den

1229 1969 1494 2029 Meistbietenden
1522 1975 1571 2035 für
1600 1972 1682 2032 4800
1716 1975 1782 2035 Pf.
1805 1975 1871 2035 St.
1899 1978 2059 2038 verkauft.
2104 1979 2214 2039 Wäh=

1225 2018 1294 2078 rend
1325 2020 1370 2080 dem
1410 2019 1440 2079 am
1481 2019 1671 2079 verwichnen
1702 2020 1907 2080 Sonnabend
1928 2025 2063 2085 Morgen
2093 2025 2118 2085 zu
2144 2028 2208 2088 St.

1224 2063 1317 2123 Paul
1334 2064 1494 2124 gehaltnen
1528 2064 1782 2124 Gottesdienste,
1793 2068 1887 2128 flogen
1916 2070 1965 2130 die
1982 2073 2092 2133 großen
2120 2073 2208 2133 Thü¬

1221 2112 1268 2172 ren
1298 2114 1327 2174 an
1357 2114 1403 2174 der
1428 2109 1587 2169 Westseite
1605 2115 1699 2175 dieser
1730 2115 1859 2175 Kirche,
1883 2118 1947 2178 die,
1972 2120 2030 2180 wie
2055 2121 2207 2181 gewöhn¬

1220 2163 1289 2223 lich,
1324 2160 1515 2220 verschlossen
1539 2161 1596 2221 und
1626 2163 1794 2223 verriegelt
1813 2167 1934 2227 waren,
1958 2169 2015 2229 von
2045 2169 2131 2229 selbst
2144 2169 2201 2229 und

1222 2211 1301 2271 ohne
1324 2211 1374 2271 daß
1403 2208 1471 2268 man
1511 2210 1556 2270 die
1585 2214 1738 2274 geringste
1767 2217 1896 2277 Ursache
1925 2220 2021 2280 davon
2056 2220 2190 2280 angeben

1217 2258 1296 2318 kan,
1314 2256 1449 2316 plötzlich
1472 2258 1545 2318 auf.
1591 2261 1664 2321 Die
1682 2267 1845 2327 Gemeine
1868 2270 1981 2330 gerieth
2016 2270 2140 2330 dadurch
2169 2270 2190 2330 in

1220 2306 1334 2366 grosses
1358 2303 1548 2363 Schrecken,
1571 2309 1628 2369 und
1664 2312 1710 2372 die
1733 2318 1952 2378 Neugierigen
1987 2321 2084 2381 stellen
2120 2321 2205 2381 anje¬

1223 2354 1257 2414 tzo
1280 2354 1441 2414 allerhand
1470 2357 1729 2417 Betrachtungen
1759 2366 1896 2426 daruber
1920 2369 1983 2429 an.
2030 2366 2104 2426 Vor
2127 2368 2202 2428 eini¬

1221 2403 1270 2463 gen
1309 2402 1408 2462 Tagen
1446 2403 1578 2463 begaben
1616 2408 1665 2468 sich
1697 2414 1765 2474 acht
1797 2417 2060 2477 Frauenzimmer
2085 2414 2116 2474 in
2148 2414 2197 2474 die

1215 2449 1333 2509 goldne
1362 2449 1492 2509 Kugel,
1526 2455 1640 2515 welche
1669 2459 1725 2519 das
1760 2464 1879 2524 Kreutz
1908 2464 1964 2524 auf
1987 2461 2032 2521 der
2061 2458 2190 2518 hiesigen

1224 2495 1293 2555 St.
1315 2497 1525 2557 Paulskirche
1554 2506 1666 2566 trägt,
1695 2512 1856 2572 worinnen
1892 2508 1933 2568 sie
1955 2509 2025 2569 eine
2047 2506 2194 2566 Zeitlang

1222 2545 1414 2605 verweilten.
1461 2545 1534 2605 Von
1568 2558 1727 2618 Penrith,
1754 2557 1773 2617 in
1801 2554 2020 2614 Cumberland
2047 2554 2193 2614 schreibet

1212 2592 1301 2652 man,
1328 2592 1386 2652 daß
1413 2592 1463 2652 sich
1483 2597 1561 2657 allda
1587 2604 1632 2664 ein
1665 2605 1865 2665 Eichenbaum
1905 2602 2047 2662 befinde,
2080 2603 2189 2663 wovon

1208 2641 1277 2701 man
1307 2641 1522 2701 muthmaßet,
1547 2648 1598 2708 daß
1622 2652 1651 2712 er
1675 2654 1750 2714 über
1774 2646 1832 2706 500
1867 2649 1954 2709 Jahr
1978 2649 2024 2709 alt
2043 2652 2106 2712 sey,
2130 2651 2188 2711 und

1213 2688 1266 2748 daß
1296 2688 1319 2748 in
1350 2691 1397 2751 dem
1439 2695 1599 2755 Stamme
1623 2700 1760 2760 desselben
1791 2694 1837 2754 sich
1862 2694 1897 2754 20
1934 2697 2099 2757 Personen
2130 2696 2200 2756 nie¬

1214 2738 1397 2798 dergelassen
1430 2740 1488 2800 und
1527 2746 1575 2806 die
1608 2744 1915 2804 Mittagsmahlzeit
1943 2745 2180 2805 eingenommen

243 2800 320 2860 Die
333 2801 448 2861 Insel,
468 2793 576 2853 welche
596 2790 679 2850 Herr
699 2787 749 2847 von
782 2788 1025 2848 Bougainville
1045 2792 1173 2852 entdeckt
1212 2790 1340 2850 hätten.
1386 2788 1462 2848 Der
1482 2795 1571 2855 Graf
1591 2799 1648 2859 von
1674 2793 1757 2853 Bath
1790 2790 1885 2850 wolte
1912 2793 1969 2853 sein
2002 2793 2180 2853 Vermögen

1217 2844 1270 2904 von
1304 2841 1382 2901 einer
1403 2845 1535 2905 Million
1569 2852 1674 2912 Pfund
1703 2845 1854 2905 Sterling
1882 2846 1974 2906 seinem
2014 2842 2186 2902 Schwager

2114 2894 2172 2954 dem
