2479 3508
559 1228 678 1288 58tes
725 1228 890 1288 Stück.
951 1223 1177 1283 Montag,
1215 1219 1282 1279 den
1329 1219 1411 1279 20.
1450 1216 1615 1276 August
1646 1216 1796 1276 1764.

459 1300 481 1360 *

196 1384 308 1444 Des
334 1375 440 1435 Herrn
472 1372 647 1432 Johann
680 1366 810 1426 Jacob
843 1365 1050 1425 Rousseau
1082 1357 1162 1417 aus¬

249 1418 460 1478 "erlesene
485 1416 662 1476 Gedanken
702 1413 775 1473 über
810 1409 1001 1469 verschiedne
1031 1404 1164 1464 Gegen¬

155 1472 288 1532 pstände
309 1473 368 1533 aus
395 1469 441 1529 der
468 1464 607 1524 Moral,
635 1462 680 1522 der
708 1460 834 1520 Politik
854 1458 913 1518 und
941 1456 993 1516 den
1021 1452 1146 1512 schönen
1194 1449 1406 1509 ROUSSEAU
1447 1449 1586 1509 prenant
1606 1449 1745 1509 toujous
1760 1449 1785 1509 la
1813 1449 1925 1509 nature
1953 1452 2032 1512 pour
2052 1454 2198 1514 Maitre,

150 1524 481 1584 „Wissenschaften."
556 1512 635 1572 Wir
664 1509 830 1569 glauben,
865 1506 921 1566 daß
956 1506 1001 1566 die
1031 1500 1161 1560 Bemü¬

154 1581 240 1641 hung
268 1575 350 1635 eines
377 1566 562 1626 berühmten
596 1560 747 1620 Mannes
770 1557 977 1617 Gedanken,
1005 1554 1053 1614 der
1081 1551 1156 1611 viele

154 1630 220 1690 und
243 1625 458 1685 weitläuftige
481 1616 591 1676 Werke
614 1610 802 1670 geschrieben
830 1608 902 1668 hat,
919 1606 1007 1666 unter
1035 1602 1157 1662 gewisse

162 1679 256 1739 Titel
273 1679 306 1739 zu
335 1673 517 1733 sammlen,
540 1667 612 1727 eben
640 1664 667 1724 so
690 1664 790 1724 wenig
818 1661 845 1721 zu
879 1658 984 1718 tadeln
1018 1655 1084 1715 sey,
1113 1655 1157 1715 als

160 1733 253 1793 wenn
282 1730 347 1790 man
381 1727 431 1787 den
465 1721 558 1781 Ruhm
609 1718 691 1778 eines
719 1715 835 1775 Helden
869 1712 957 1772 durch
986 1706 1168 1766 Aufbehal=

153 1786 237 1846 tung
265 1781 365 1841 seines
392 1775 525 1835 Degens
557 1769 625 1829 oder
647 1769 700 1829 das
727 1766 897 1826 Andenken
924 1761 1009 1821 eines
1036 1758 1162 1818 Sieges

162 1828 252 1888 durch
277 1822 506 1882 Aufbringung
531 1818 579 1878 der
603 1814 761 1874 eroberten
786 1811 910 1871 Fahnen
934 1808 962 1868 zu
988 1808 1159 1868 verewigen

162 1876 271 1936 sucht,
301 1871 363 1931 und
392 1864 512 1924 streiten
551 1858 604 1918 den
633 1855 892 1915 gegenwärtigen
936 1851 1156 1911 auserlesenen

156 1921 332 1981 Gedanken
363 1912 423 1972 aus
449 1909 499 1969 den
530 1900 839 1960 rousseauschen
870 1895 1001 1955 Werken
1037 1891 1163 1951 keines¬

166 1973 273 2033 weges
292 1967 382 2027 ihren
412 1958 533 2018 Nutzen
558 1951 623 2011 ab,
648 1948 677 2008 da
708 1942 937 2002 insbesondere
968 1942 1009 2002 die
1040 1939 1070 1999 in
1100 1938 1166 1998 die¬

164 2025 204 2085 sem
251 2019 400 2079 Auszuge
424 2008 481 2068 vor
505 2003 551 2063 die
569 1996 771 2056 Orthodoxie
795 1990 956 2050 gesorget,
979 1990 1042 2050 und
1072 1987 1152 2047 jeder

159 2071 266 2131 Stein
295 2067 340 2127 des
369 2055 527 2115 Anstoßes
545 2049 600 2109 aus
629 2046 680 2106 dem
715 2043 811 2103 Wege
834 2040 981 2100 geräumt
998 2034 1049 2094 ist.
1072 2034 1156 2094 Wer

160 2118 295 2178 indessen
331 2109 384 2169 den
420 2103 602 2163 Johann
638 2095 779 2155 Jacob
810 2090 1016 2150 Rousseau
1052 2085 1075 2145 in
1111 2082 1163 2142 Le¬

163 2165 348 2225 bensgröße
370 2157 485 2217 kennen
507 2151 612 2211 lernen
639 2147 728 2207 will,
755 2145 834 2205 wird
861 2141 945 2201 nicht
962 2139 1014 2199 bey
1041 2135 1141 2195 diesem

164 2214 461 2274 Gedankenlericon
489 2202 586 2262 stehen
619 2196 766 2256 bleiben,
799 2193 929 2253 sondern
956 2190 1021 2250 eine
1043 2185 1162 2245 nähere

164 2265 419 2325 Bekanntschaft
453 2255 514 2315 mit
542 2248 631 2308 einem
681 2246 814 2306 Manne
843 2243 981 2303 suchen,
1010 2236 1064 2296 der
1099 2231 1153 2291 von

165 2320 238 2380 allen
278 2315 397 2375 Seiten
438 2302 585 2362 original
614 2294 671 2354 ist.
740 2291 819 2351 Wir
854 2291 985 2351 nehmen
1020 2284 1081 2344 uns
1116 2281 1161 2341 die

168 2366 347 2426 Freyheit,
376 2357 428 2417 die
457 2345 735 2405 angezeigten
776 2340 1059 2400 auserlesene
1089 2329 1163 2389 Ge¬

162 2415 329 2475 danken
362 2408 421 2468 auf
448 2402 496 2462 den
535 2390 713 2450 Nachttisch
752 2390 859 2450 unsrer
892 2387 989 2447 lieben
1033 2380 1151 2440 Frauer

176 2461 237 2521 und
263 2456 426 2516 Mädgen,
439 2442 665 2502 bestmöglichst
678 2437 702 2497 zu
728 2438 922 2498 empfehlen.
948 2432 1061 2492 Kostet
1074 2429 1092 2489 in
1124 2427 1161 2487 de=

169 2508 379 2568 Kanterschen
407 2494 667 2554 Buchhandlung
695 2488 818 2548 allhier,
830 2488 883 2548 wie
906 2485 975 2545 auch
998 2480 1019 2540 in
1046 2476 1154 2536 Elbing

171 2562 232 2622 und
249 2557 356 2617 Mitau
381 2553 388 2613 1
404 2551 434 2611 fl.
451 2548 543 2608 15gr.
552 2540 605 2600 das
630 2533 823 2593 französische
839 2536 986 2596 Original
1003 2532 1009 2592 1
1026 2530 1064 2590 fl.
1073 2528 1165 2588 24gr.

224 2721 303 2781 Wir
337 2706 488 2766 ergreifen
522 2699 601 2759 diese
628 2695 872 2755 Gelegenheit,
912 2696 1024 2756 unsern
1058 2689 1156 2749 Lesern

175 2778 279 2838 einige
312 2766 416 2826 Zeilen
456 2748 737 2808 abzuschreiben,
777 2746 822 2806 die
870 2749 915 2809 ein
948 2742 1170 2802 französischer

170 2829 306 2889 Dichter
330 2817 420 2877 unter
444 2807 497 2867 das
521 2802 680 2862 Portrait
704 2797 809 2857 unsers
840 2802 1084 2862 Rousseaus
1115 2792 1182 2852 ent=

179 2876 325 2936 worfen.

1199 1291 1374 1351 VERS
1424 1288 1521 1348 pour
1572 1288 1713 1348 mettre
1756 1288 1797 1348 au
1840 1285 1959 1345 dessus
1995 1286 2043 1346 du
2087 1288 2192 1348 Por¬

1307 1354 1405 1414 trait
1439 1357 1478 1417 de
1521 1357 1577 1417 J.
1611 1357 1668 1417 J.
1693 1354 2103 1414 ROUSSEAU.

1238 1497 1295 1557 Fut
1317 1498 1347 1558 de
1374 1500 1573 1560 l'humanité
1599 1497 1751 1557 l'Apôtre
1778 1494 1787 1554 &
1825 1496 1851 1556 le
1878 1494 2013 1554 Martir.

1192 1548 1256 1608 Les
1277 1548 1433 1608 mortels,
1458 1551 1548 1611 qu'il
1569 1548 1684 1608 voulut
1700 1545 1805 1605 forcer
1831 1545 1840 1605 à
1861 1545 1886 1605 la
1906 1545 2097 1605 connoitre,

1241 1598 1411 1658 S'étoient
1432 1599 1498 1659 rrop
1525 1599 1617 1659 avilis
1639 1596 1721 1656 pour
1742 1596 1777 1656 ne
1804 1596 1855 1656 pas
1876 1596 1938 1656 l'en
1964 1596 2077 1656 punir.

1190 1652 1339 1712 Pauvre,
1361 1649 1493 1709 errant,
1515 1647 1637 1707 fugitif
1654 1649 1664 1709 &
1707 1646 1839 1706 proscrit
1861 1643 1908 1703 sur
1930 1644 1951 1704 la
1973 1647 2073 1707 terre,

1246 1703 1285 1763 Sa
1311 1700 1367 1760 Vie
1387 1697 1397 1757 à
1423 1700 1467 1760 ses
1488 1700 1584 1760 écrits
1605 1697 1700 1757 servit
1721 1697 1751 1757 de
1776 1697 2049 1757 Commentaire.

1204 1757 1241 1817 La
1269 1752 1339 1812 fiere
1367 1753 1464 1813 verité
1487 1753 1562 1813 dans
1585 1751 1628 1811 ses
1650 1750 1758 1810 hardis
1781 1745 1948 1805 tableaux,

1251 1805 1327 1865 Sçut
1356 1803 1388 1863 en
1422 1802 1516 1862 dépit
1538 1802 1594 1862 des
1622 1802 1771 1862 Grands,
1794 1799 1943 1859 montrer
1971 1799 1998 1859 ce
2032 1802 2092 1862 que
2115 1802 2198 1862 nous

1832 1843 2011 1903 sommes,

1201 1891 1233 1951 Il
1250 1888 1357 1948 devoit
1384 1888 1416 1948 de
1438 1889 1502 1949 nos
1519 1890 1610 1950 jours
1638 1890 1767 1950 trouver
1795 1888 1843 1948 des
1865 1891 2058 1951 échafauts;

1238 1936 1273 1996 Il
1288 1936 1364 1996 aura
1390 1936 1440 1996 des
1461 1936 1592 1996 Autels,
1618 1936 1719 1996 quand
1750 1936 1775 1996 il
1791 1936 1892 1996 naitra
1918 1939 1968 1999 des
1989 1940 2161 2000 hommes.

1244 2042 1456 2102 Rousseau
1493 2040 1613 2100 wählte
1635 2040 1677 2100 die
1699 2040 1819 2100 Natur
1842 2042 1877 2102 zu
1913 2042 2012 2102 seiner
2034 2047 2197 2107 Lehrerin,

1204 2121 1259 2181 und
1288 2118 1358 2178 war
1395 2115 1436 2175 ein
1465 2112 1592 2172 Apostel
1621 2112 1683 2172 und
1713 2112 1882 2172 Märtyrer
1918 2115 1967 2175 der
1989 2118 2200 2178 Menschlich=

1207 2193 1283 2253 keit.
1335 2188 1405 2248 Die
1438 2187 1675 2247 Sterblichen,
1708 2190 1823 2250 welche
1856 2191 1880 2251 er
1913 2193 1951 2253 sie
1977 2193 2009 2253 zu
2042 2193 2188 2253 erkennen

1210 2266 1349 2326 zwingen
1378 2261 1511 2321 wollte,
1533 2264 1638 2324 waren
1674 2264 1701 2324 zu
1737 2267 1792 2327 tief
1821 2270 2024 2330 erniedrigt,
2053 2270 2094 2330 um
2137 2272 2192 2332 ihn

1204 2342 1300 2402 darum
1346 2336 1429 2396 nicht
1455 2338 1564 2398 strafen
1603 2342 1635 2402 zu
1661 2342 1777 2402 sollen.
1823 2345 1932 2405 Arm,
1958 2345 2202 2405 herumirrend,

1200 2416 1332 2476 flüchtig
1358 2411 1415 2471 und
1441 2413 1598 2473 verbannt
1618 2417 1674 2477 auf
1700 2417 1750 2477 der
1770 2417 1877 2477 Erde,
1903 2417 2003 2477 diente
2024 2417 2080 2477 sein
2106 2417 2200 2477 Leben

1213 2485 1310 2545 seinen
1336 2482 1496 2542 Schriften
1521 2488 1569 2548 zum
1608 2491 1835 2551 Commentar.
1897 2488 1970 2548 Die
1990 2488 2082 2548 stolze
2095 2491 2211 2551 Wahr=

1212 2564 1277 2624 heit
1297 2560 1401 2620 wußte
1421 2560 1447 2620 in
1480 2562 1578 2622 seinen
1605 2566 1729 2626 kühnen
1756 2560 1958 2620 Gemählden
1985 2560 2037 2620 den
2064 2563 2194 2623 Großen

1211 2638 1260 2698 zum
1304 2632 1395 2692 Trotz
1415 2635 1445 2695 zu
1470 2641 1606 2701 zeigen,
1625 2638 1692 2698 wer
1712 2635 1773 2695 wir
1792 2635 1871 2695 sind.
1922 2635 1971 2695 Zu
2002 2635 2113 2695 unsern
2144 2639 2211 2699 Zei¬

1206 2706 1252 2766 ten
1279 2706 1385 2766 waren
1413 2709 1579 2769 Chavotte
1600 2712 1653 2772 für
1674 2708 1753 2768 ihn,
1787 2706 1846 2766 und
1874 2706 1987 2766 Altäre
2014 2706 2094 2766 wird
2128 2712 2194 2772 man

1217 2784 1267 2844 ihm
1307 2784 1435 2844 bauen,
1461 2787 1550 2847 wenn
1577 2788 1608 2848 es
1635 2784 1801 2844 Menschen
1834 2781 1923 2841 geben
1950 2779 2045 2839 wird.

2028 2885 2219 2945 Lemgo.
