2479 3508
595 1223 713 1283 53tes
756 1220 916 1280 Stück.
977 1216 1188 1276 Freytag,
1231 1207 1298 1267 den
1350 1208 1392 1268 3.
1427 1205 1587 1265 August
1630 1204 1782 1264 1764.

630 1300 731 1360 Ueber

277 1387 339 1447 das
367 1384 512 1444 Denken
550 1378 604 1438 der
623 1375 740 1435 Seele
769 1372 822 1432 vor
842 1370 895 1430 der
923 1367 1086 1427 Geburt.

244 1539 298 1599 Ib
328 1537 376 1597 die
394 1531 490 1591 Seele
508 1525 562 1585 vor
587 1523 634 1583 der
653 1521 784 1581 Geburt
803 1518 856 1578 und
882 1513 1091 1573 Verbindung
1116 1508 1175 1568 mit

179 1581 361 1641 dem
400 1578 522 1638 Körper
545 1574 671 1634 gedacht
689 1572 760 1632 hat,
772 1567 827 1627 das
850 1566 882 1626 ist
905 1564 971 1624 eine
994 1562 1109 1622 Frage,
1127 1559 1170 1619 die

192 1637 337 1697 manchem
381 1625 575 1685 Weltweisen
603 1625 684 1685 schon
711 1619 754 1679 oft
776 1619 836 1679 eine
863 1615 981 1675 Stirne
1010 1610 1074 1670 voll
1085 1610 1182 1670 Run¬

186 1692 280 1752 zeln,
300 1687 387 1747 nebst
413 1681 462 1741 dem
513 1675 626 1735 Finger
658 1673 714 1733 auf
740 1670 789 1730 der
821 1667 908 1727 Nase
934 1664 1066 1724 gekostet
1092 1659 1166 1719 hat;
1206 1655 1236 1715 in
1268 1654 1356 1714 denen
1388 1650 1695 1710 Saamenthierchen
1727 1649 1789 1709 nur
1809 1649 1833 1709 so
1859 1650 1940 1710 viele
1960 1652 2110 1712 Seelen,
2136 1652 2185 1712 als

194 1789 304 1849 subtile
327 1779 565 1839 Distinktionen
594 1769 821 1829 zerschnitten,
849 1768 915 1828 bald
944 1763 1087 1823 bejahet,
1110 1759 1176 1819 bald

197 1828 364 1888 verneinet
383 1822 459 1882 hat,
489 1819 603 1879 endlich
627 1816 680 1876 das
709 1811 862 1871 geblieben
891 1808 948 1868 ist,
973 1808 1039 1868 was
1068 1808 1101 1868 sie
1126 1807 1183 1867 erst

191 1876 281 1936 war,
302 1870 341 1930 ein
363 1862 514 1922 Räthsel,
530 1861 585 1921 und
616 1858 656 1918 ein
687 1852 782 1912 Stein
813 1851 864 1911 des
884 1846 1036 1906 Anstoßes
1067 1849 1117 1909 für
1137 1846 1182 1906 die

190 1917 486 1977 Demonstrirsucht
510 1904 556 1964 der
580 1895 853 1955 Psychologisten.
900 1891 987 1951 Man
1017 1888 1086 1948 muß
1116 1885 1179 1945 hie¬

205 1972 264 2032 denr
285 1968 324 2028 die
345 1956 554 2016 Präeristenz
575 1948 625 2008 der
646 1942 765 2002 Seele,
786 1937 815 1997 um
856 1936 1066 1996 dererjenigen
1087 1930 1176 1990 Leute
1217 1927 1355 1987 dingung
1387 1927 1407 1987 so
1428 1930 1586 1990 geknüpft
1598 1931 1656 1991 ist,
1678 1930 1726 1990 daß
1748 1930 1786 1990 sie
1819 1931 1897 1991 ohne
1929 1933 2077 1993 denselben
2108 1936 2197 1996 nicht

195 2019 319 2079 willen,
338 2009 386 2069 die
404 2007 451 2067 ihr
475 1999 534 2059 nur
559 1996 606 2056 die
625 1988 797 2048 Fähigkeit
816 1984 868 2044 zum
911 1983 1041 2043 Denken
1078 1975 1184 2035 beyle¬

190 2068 272 2128 gen,
291 2059 343 2119 von
374 2053 420 2113 der
445 2043 610 2103 wirklichen
640 2032 888 2092 Beschäftigung
919 2029 947 2089 zu
984 2025 1095 2085 denken
1126 2023 1184 2083 un¬

197 2105 401 2165 terscheiden.
452 2094 534 2154 Man
568 2090 639 2150 kann
668 2085 733 2145 jene
756 2082 905 2142 glauben,
928 2078 1010 2138 ohne
1033 2074 1110 2134 diese
1132 2068 1182 2128 zu¬

198 2155 355 2215 zugeben.
411 2143 490 2203 Das
514 2139 639 2199 System
679 2136 726 2196 der
750 2130 939 2190 Creatianer
964 2127 1018 2187 hat
1043 2122 1105 2182 sich
1130 2121 1184 2181 seit
1217 2115 1374 2175 knüpfung
1407 2112 1453 2172 des
1477 2112 1618 2172 Körpers
1644 2112 1816 2172 zugestehen
1848 2112 1935 2172 will.
1967 2113 2022 2173 Ob
2054 2113 2085 2173 es
2125 2118 2195 2178 aben

202 2208 251 2268 dem
302 2199 362 2259 des
390 2196 539 2256 Cartes
567 2190 633 2250 sehr
650 2187 749 2247 wenig
778 2181 1048 2241 Partheygänger
1071 2170 1186 2230 erwor¬

195 2256 273 2316 ben.
326 2248 370 2308 Es
400 2243 439 2303 ist
462 2242 513 2302 dem
565 2237 747 2297 Theologen
776 2229 998 2289 fürchterlich,
1032 2222 1106 2282 weil
1130 2219 1186 2279 mit

198 2306 286 2366 einer
312 2298 395 2358 jeden
432 2293 525 2353 neuen
556 2285 681 2345 Seele,
703 2282 754 2342 die
775 2279 868 2339 heute
900 2273 1060 2333 geschaffen
1092 2267 1169 2327 wird

198 2355 277 2415 auch
309 2351 356 2411 die
383 2342 552 2402 Erbsünde
584 2329 742 2389 jedesmal
775 2327 833 2387 mit
860 2323 1018 2383 geschaffen
1061 2313 1181 2373 werden

206 2400 344 2460 müßte,
365 2394 455 2454 indem
503 2386 550 2446 sich
583 2378 709 2438 dieselbe
736 2375 842 2435 weder
869 2374 927 2434 aus
959 2369 1006 2429 der
1033 2360 1181 2420 Zeugung

204 2448 258 2508 des
285 2441 426 2501 Körpers
454 2434 589 2494 erklären
617 2425 697 2485 laßt,
714 2422 778 2482 noch
807 2421 876 2481 sich,
893 2418 968 2478 ohne
991 2408 1180 2468 Umstoßung

203 2491 368 2551 wichtiger
395 2474 799 2534 Religionswahrheiten,
825 2469 871 2529 als
903 2465 1001 2525 etwas
1032 2457 1089 2517 aus
1120 2455 1166 2515 dem

203 2536 430 2596 mechanischen
462 2528 539 2588 Bau
571 2522 622 2582 des
649 2516 793 2576 Körpers
825 2513 1042 2573 entstehendes
1074 2503 1182 2563 denken

207 2587 297 2647 läßt.
354 2580 427 2640 Und
462 2577 512 2637 der
547 2567 721 2627 Philosoph
761 2563 885 2623 selbst,
925 2561 975 2621 der
1004 2552 1071 2612 jede
1106 2551 1184 2611 neu¬

213 2631 405 2691 Schöpfung
434 2624 483 2684 für
505 2619 549 2679 ein
577 2613 720 2673 Wunder
743 2611 869 2671 erklärt,
886 2608 969 2668 giebt
991 2603 1079 2663 diesem
1118 2596 1173 2656 Sy

212 2685 271 2745 stem
314 2678 395 2738 einen
428 2667 611 2727 gewaltigen
639 2658 752 2718 Stoß,
780 2658 865 2718 wenn
904 2655 930 2715 er
964 2652 1006 2712 die
1028 2646 1185 2706 Häufung

218 2736 270 2796 der
290 2719 635 2779 Wunderschöpfungen
662 2707 707 2767 ins
727 2704 915 2764 Unendliche
936 2704 980 2764 für
1001 2697 1195 2757 Ungereimt=

204 2784 309 2844 heiten
343 2774 365 2834 in
399 2772 448 2832 der
477 2761 654 2821 sparsamen
682 2754 922 2814 Haushaltung
956 2753 1005 2813 der
1033 2744 1194 2804 Allmacht

215 2835 344 2895 GOttes
376 2824 459 2884 hält.
498 2816 574 2876 Der
598 2807 834 2867 Traducianer,
850 2804 904 2864 der
928 2805 988 2865 eine
1012 2802 1110 2862 Seele
1134 2794 1186 2854 aus

1203 1279 1254 1339 der
1284 1279 1392 1339 andern
1423 1273 1473 1333 sich
1496 1273 1641 1333 erzeugen
1664 1270 1758 1330 läßt,
1781 1271 1860 1331 wird
1898 1272 1955 1332 uns
1985 1273 2072 1333 nicht
2095 1273 2182 1333 mehr

1204 1321 1347 1381 Beyfall
1369 1318 1534 1378 ablocken,
1561 1315 1608 1375 als
1640 1315 1687 1375 den
1726 1315 1768 1375 ein
1800 1315 1986 1375 stumpfes,
2013 1318 2182 1378 hinkendes

1200 1363 1399 1423 Gleichnis,
1427 1363 1554 1423 worauf
1577 1363 1632 1423 sein
1660 1362 1771 1422 ganzer
1794 1361 1926 1421 Beweis
1955 1363 2071 1423 ruhet,
2099 1366 2187 1426 näm¬

1205 1408 1253 1468 lich
1286 1409 1323 1469 ein
1351 1410 1448 1470 Licht,
1470 1409 1600 1469 welches
1633 1407 1687 1467 das
1714 1407 1806 1467 andre
1828 1409 2007 1469 anzündet,
2029 1410 2191 1470 verdient,

1200 1458 1249 1518 Ja
1272 1456 1377 1516 wohl,
1395 1455 1478 1515 wenn
1506 1455 1550 1515 die
1573 1455 1672 1515 Seele
1702 1455 1729 1515 so
1757 1455 1823 1515 viel
1846 1458 2118 1518 elementarisches
2147 1460 2179 1520 an

1206 1506 1254 1566 sich
1286 1504 1383 1564 hätte,
1402 1506 1445 1566 als
1471 1503 1525 1563 das
1550 1503 1666 1563 Feuer,
1686 1505 1710 1565 so
1735 1503 1851 1563 könnte
1871 1506 1931 1566 man
1963 1506 2042 1566 diese
2062 1509 2184 1569 geistige

1211 1554 1424 1614 Entzündung
1448 1554 1513 1614 sehr
1537 1552 1625 1612 leicht
1644 1551 1821 1611 begreifen.

1248 1599 1325 1659 Die
1346 1602 1449 1662 Seele
1470 1602 1586 1662 möchte
1606 1602 1664 1662 also
1691 1602 1775 1662 wohl
1789 1600 2010 1660 präexistiren,
2030 1604 2081 1664 und
2102 1605 2186 1665 zwar

195 1740 259 1800 und
293 1736 363 1796 die,
384 1731 513 1791 nachdem
560 1724 585 1784 er
618 1724 656 1784 sie
683 1719 930 1779 wohlbedächtig
950 1713 1119 1773 überlegt,
1139 1711 1164 1771 in
1211 1706 1289 1766 einst
1309 1705 1360 1765 zur
1381 1703 1516 1763 Existenz
1537 1703 1686 1763 gelangen
1712 1700 1855 1760 werden.
1901 1702 1985 1762 Aber
2005 1702 2096 1762 wie?
2123 1703 2193 1763 sagt

1210 1755 1255 1815 ein
1278 1754 1385 1814 weiser
1414 1754 1544 1814 Mann,
1556 1753 1686 1813 deshalb
1715 1751 1787 1811 darf
1805 1751 1838 1811 sie
1862 1750 1935 1810 aber
1964 1751 2048 1811 nicht
2066 1754 2195 1814 gedacht

1211 1803 1340 1863 haben?
1369 1802 1442 1862 Sie
1460 1802 1527 1862 war
1551 1802 1618 1862 eine
1636 1799 1805 1859 schlafende
1828 1802 1992 1862 Monade,
2004 1801 2049 1861 die
2078 1801 2122 1861 die
2140 1801 2196 1861 Fä¬

1209 1843 1332 1903 higkeit
1353 1843 1378 1903 zu
1410 1843 1517 1903 denken
1549 1843 1651 1903 hatte,
1682 1843 1769 1903 deren
1801 1843 2027 1903 Wirksamkeit
2053 1846 2125 1906 aber
2151 1846 2181 1906 an

1208 1885 1260 1945 den
1294 1885 1485 1945 organischen
1514 1885 1658 1945 Körper,
1673 1885 1720 1945 als
1744 1885 1778 1945 an
1807 1887 1868 1947 eine
1893 1888 2118 1948 nothwendige
2137 1888 2199 1948 Be¬

1211 1974 1307 2034 geübt
1332 1974 1448 2034 werden
1478 1972 1574 2032 kann,
1599 1974 1613 2034 —

1672 1975 1760 2035 Man
1794 1973 1871 2033 weis
1905 1975 1965 2035 sehr
1999 1978 2104 2038 wohl,
2132 1983 2187 2043 wie

1213 2022 1255 2082 alt
1278 2020 1353 2080 diese
1375 2020 1543 2080 Ausflucht
1565 2017 1624 2077 ist,
1646 2020 1705 2080 und
1732 2020 1759 2080 es
1786 2020 1916 2080 scheint,
1944 2020 1992 2080 als
2014 2022 2100 2082 wenn
2139 2025 2192 2085 gar

1210 2067 1380 2127 Crusius
1414 2064 1493 2124 keine
1522 2064 1584 2124 Art
1607 2063 1657 2123 der
1681 2064 1980 2124 Seelenwirkung,
2009 2067 2088 2127 ohne
2111 2067 2195 2127 Ver¬

1213 2162 1427 2222 metaphysisch
1456 2161 1552 2221 genau
1581 2163 1705 2223 gedacht
1728 2163 1784 2223 ist,
1808 2160 1892 2220 wenn
1926 2164 1993 2224 man
2034 2166 2089 2226 von
2124 2168 2174 2228 dem

1211 2211 1320 2271 Wesen
1349 2208 1400 2268 der
1418 2208 1527 2268 Dinge
1551 2211 1660 2271 redet,
1684 2213 1735 2273 daß
1765 2213 1833 2273 man
1863 2211 1891 2271 es
1920 2213 1943 2273 in
1972 2214 2018 2274 die
2036 2217 2197 2277 Möglich¬

1214 2259 1273 2319 keit
1291 2256 1367 2316 setzt,
1386 2255 1444 2315 und
1468 2257 1593 2317 gewisse
1617 2261 1859 2321 Thätigkeiten,
1878 2264 1924 2324 die
1949 2264 1972 2324 in
2002 2264 2043 2324 die
2067 2265 2202 2325 Defini¬

1210 2307 1275 2367 tion
1304 2304 1353 2364 des
1376 2303 1547 2363 completen
1576 2309 1719 2369 Begrifs
1742 2309 1792 2369 der
1814 2310 1925 2370 Sache
1948 2315 2102 2375 gehören,
2125 2315 2202 2375 aus¬

1216 2357 1300 2417 läßt,
1312 2352 1374 2412 dies
1403 2351 1510 2411 müßte
1533 2357 1646 2417 vorher
1670 2357 1845 2417 untersucht
1868 2363 2009 2423 werden.
2033 2360 2100 2420 Die
2118 2362 2202 2422 Wir¬

1219 2404 1334 2464 kungen
1363 2397 1409 2457 der
1427 2400 1530 2460 Seele
1548 2406 1663 2466 können
1693 2410 1906 2470 gegenwärtig
1935 2411 1963 2471 an
1993 2409 2038 2469 den
2062 2411 2200 2471 Körper,

1218 2450 1269 2510 als
1296 2449 1328 2509 an
1355 2446 1419 2506 eine
1446 2452 1673 2512 nothwendige
1693 2458 1895 2518 Bedingung
1922 2455 2078 2515 geknüpft
2104 2454 2201 2514 seyn;

1216 2497 1329 2557 allein,
1341 2494 1419 2554 folgt
1443 2495 1510 2555 denn
1540 2505 1687 2565 daraus,
1711 2504 1761 2564 daß
1802 2500 1876 2560 diese
1905 2500 2052 2560 zufällige
2075 2498 2205 2558 Bedin¬

1220 2548 1304 2608 gung
1333 2542 1445 2602 immer
1480 2545 1519 2605 ein
1554 2551 1672 2611 Gesetz
1696 2553 1746 2613 des
1775 2545 1928 2605 Denkens
1957 2545 2092 2605 gewesen
2132 2550 2193 2610 seyn

1217 2592 1337 2652 müsse?
1362 2590 1447 2650 Das
1472 2597 1659 2657 Gleichnis,
1684 2596 1811 2656 welches
1836 2593 1884 2653 der
1903 2593 1969 2653 Hr.
1988 2596 2090 2656 Pros.
2109 2596 2206 2656 Rei¬

1224 2641 1362 2701 marus
1410 2639 1438 2699 in
1479 2646 1618 2706 seiner
1660 2643 1926 2703 natürlichen
1973 2643 2210 2703 Religion,

1225 2688 1278 2748 vom
1321 2686 1448 2746 Körper
1473 2694 1570 2754 giebt,
1589 2695 1643 2755 daß
1668 2693 1697 2753 er
1716 2688 1789 2748 sich,
1814 2685 1873 2745 wie
1892 2685 1934 2745 ein
1965 2691 2128 2751 Spiegel,
2153 2691 2207 2751 zur

1228 2738 1333 2798 Seele
1356 2737 1516 2797 verhalte,
1539 2744 1655 2804 gefällt
1678 2739 1738 2799 mir
1767 2736 1927 2796 ungemein
1966 2736 2066 2796 wohl.
2111 2734 2204 2794 Nach

1236 2790 1325 2850 dieser
1356 2789 1581 2849 Vergleichung
1612 2793 1717 2853 könnte
1733 2787 1777 2847 ich
1808 2786 1882 2846 mich
1913 2784 1995 2844 zwar
2018 2782 2190 2842 gewöhnen
