2479 3508
208 318 251 378 ich
285 323 401 383 meyne
435 323 507 383 jene
535 321 823 381 Ausschüttungen
858 323 913 383 des
946 321 1124 381 Herzens,
1158 321 1229 381 jene

212 369 461 429 wechselsweise
483 372 818 432 Vertraulichkeiten,
839 372 886 432 die
908 372 956 432 die
978 372 1083 432 Seele
1111 372 1131 432 in
1163 372 1232 432 eine

218 419 245 479 so
272 419 450 479 wollüstige
473 419 651 479 Situation
689 419 867 479 versetzen,
900 421 992 481 jenes
1025 419 1241 479 Zwanglose,

220 473 289 533 jene
317 470 549 530 entwischende
577 472 836 532 Geständnisse,
863 473 938 533 jene
966 470 1235 530 Entzückungen,

218 521 265 581 die
298 518 345 578 die
372 518 572 578 Gewißheit
599 521 651 581 des
684 521 863 581 gemachten
895 521 1048 581 Glücks,
1091 520 1149 580 und
1186 517 1233 577 die

218 569 388 629 verdiente
410 571 631 631 Hochachtung
668 570 719 630 der
751 570 906 630 geliebten
943 568 1066 628 Person
1109 569 1134 629 in
1171 568 1232 628 uns

216 616 386 676 verschaft.
435 619 530 679 Kurz
558 619 653 679 dieser
675 618 744 678 Tag
771 619 808 679 ist
825 619 877 679 der
899 616 1075 676 Zeitpunkt
1102 616 1128 676 in
1166 616 1219 676 dem

221 668 272 728 der
298 670 427 730 delicate
453 670 623 730 Liebhaber
650 668 897 728 unversiegliche
923 667 1062 727 Schätze
1089 666 1243 726 entöeckt,

228 717 362 777 Schätze
390 718 433 778 die
455 718 519 778 man
552 718 600 778 ihm
639 718 752 778 bisher
774 718 833 778 mit
850 718 936 778 Fleiß
964 716 1103 776 verheelt
1137 715 1239 775 hatte.

227 763 292 823 Die
314 766 488 826 Freyheit,
516 769 559 829 die
586 766 635 826 die
657 766 738 826 Frau
771 768 918 828 erlangt,
940 767 1054 827 bringt
1082 766 1141 826 alle
1164 763 1223 823 vom

225 814 344 874 Zwang
378 816 426 876 bis
459 816 557 876 dahin
596 816 835 876 eingeschloßne
869 814 1135 874 Empfindungen
1180 813 1244 873 mit

217 861 269 921 ins
297 864 430 924 Spiel,
452 865 504 925 ihr
531 867 616 927 Herz
639 867 787 927 gewinnt
809 866 894 926 einen
927 864 1129 924 Schwung,
1167 861 1241 921 aber

968 912 1063 972 Weit
1096 911 1245 971 entfernt

222 914 315 974 einen
354 913 425 973 sehr
459 915 672 975 gemäßigten
712 915 920 975 Schwung.

230 966 317 1026 einen
348 966 528 1026 Ueberdruß
555 963 585 1023 zu
617 963 786 1023 erwecken,
808 963 884 1023 wird
910 963 956 1023 die
977 963 1049 1023 Zeit
1065 964 1127 1024 nur
1153 960 1240 1020 mehr

223 1012 414 1072 Ursachen,
436 1012 478 1072 sie
499 1012 568 1072 noch
601 1011 691 1071 mehr
712 1010 744 1070 zu
771 1010 903 1070 lieben,
925 1010 1111 1070 darbieten.
1175 1010 1238 1070 Ich

228 1061 299 1121 setze
320 1060 392 1120 aber
413 1058 583 1118 nochmals
615 1060 702 1120 gnug
729 1058 883 1118 Verstand
915 1055 986 1115 ihre
1013 1058 1168 1118 Neigung
1204 1057 1235 1117 zu

224 1108 443 1168 beherrschen
477 1109 531 1169 bey
560 1106 614 1166 ihr
642 1106 795 1166 voraus.

835 1103 934 1163 Denn
965 1106 998 1166 um
1044 1109 1128 1169 einen
1163 1105 1246 1165 Lieb=

231 1160 327 1220 haber
356 1160 519 1220 beständig
548 1160 576 1220 zu
605 1158 763 1218 machen,
786 1156 825 1216 ist
843 1154 870 1214 es
905 1156 989 1216 nicht
1018 1157 1119 1217 genug
1154 1154 1249 1214 (viel¬

225 1210 325 1270 leicht
355 1210 396 1270 ist
426 1210 461 1270 es
497 1210 556 1270 gar
592 1210 621 1270 zu
669 1210 751 1270 viel)
776 1207 828 1267 ihn
870 1206 899 1266 im
953 1204 1088 1264 höchsten
1125 1204 1242 1264 Grade

226 1266 258 1326 zu
286 1261 414 1321 lieben.

280 1309 368 1369 Man
399 1309 469 1369 muß
494 1309 540 1369 ihn
571 1312 635 1372 mit
648 1312 820 1372 Vernunft
838 1312 902 1372 und
921 1309 1181 1369 Zurückhaltung
1205 1306 1234 1366 zu

226 1360 325 1420 lieben
359 1360 503 1420 wissen;
543 1360 598 1420 die
626 1363 938 1423 Schamhaftigkeit
966 1361 999 1421 ist
1027 1357 1149 1417 dahero
1183 1359 1238 1419 das

226 1407 375 1467 schönste,
392 1408 458 1468 was
485 1410 620 1470 delicate
636 1410 729 1470 Leute
750 1410 812 1470 nur
833 1410 947 1470 jemals
979 1408 1103 1468 erdacht
1124 1407 1243 1467 haben.

231 1457 313 1517 Sich
341 1458 397 1518 dem
436 1458 596 1518 Ungestüm
652 1458 757 1518 seiner
785 1458 945 1518 Neigung
984 1458 1017 1518 zu
1050 1458 1244 1518 überlaßen,

229 1506 277 1566 sich
305 1508 451 1568 gleichsam
495 1509 521 1569 im
560 1508 711 1568 geliebten
740 1509 967 1569 Gegenstande
989 1506 1016 1566 zu
1044 1508 1244 1568 zernichten.

227 1556 318 1616 Dies
352 1557 383 1617 ist
406 1557 448 1617 ein
482 1557 697 1617 Hülfsmittel
730 1557 811 1617 einer
845 1557 1125 1617 unbedachtsamen
1159 1557 1244 1617 Lieb¬

233 1605 387 1665 haberin,
410 1608 470 1668 das
498 1608 586 1668 heißt
603 1608 686 1668 nicht
709 1608 818 1668 Liebe,
836 1608 890 1668 das
919 1608 1001 1668 heißt
1024 1608 1084 1668 nur
1107 1608 1156 1668 für
1184 1608 1233 1668 den

231 1655 360 1715 einzgen
393 1655 587 1715 Augenblick
604 1655 728 1715 lieben,
745 1654 799 1714 das
826 1654 912 1714 heißt
934 1655 994 1715 aus
1022 1655 1118 1715 seinem
1157 1655 1248 1715 Lieb¬

230 1701 328 1761 haber
353 1700 515 1760 nächstens
545 1702 585 1762 ein
620 1700 792 1760 verzognes
822 1697 905 1757 Kind
936 1697 1053 1757 machen
1088 1700 1221 1760 wollen.

279 1745 340 1805 Ich
370 1745 498 1805 fordre,
527 1743 584 1803 daß
613 1743 680 1803 eine
700 1743 780 1803 Frau
810 1742 857 1802 sich
886 1742 948 1802 mit
977 1742 1139 1802 mehrerer
1163 1739 1244 1799 Ent¬

232 1790 369 1850 haltung
403 1790 463 1850 und
492 1787 751 1847 Behutsamkeit
774 1785 884 1845 führe.
956 1784 1033 1844 Die
1062 1784 1244 1844 Heftigkeit

233 1840 323 1900 ihrer
346 1840 430 1900 Glut
453 1837 662 1897 entschuldigt
685 1838 718 1898 sie
741 1840 769 1900 in
798 1837 915 1897 meinen
950 1837 1056 1897 Augen
1085 1837 1209 1897 nicht-

235 1893 288 1953 das
313 1894 402 1954 Herz
421 1894 457 1954 ist
476 1891 595 1951 beynah
626 1891 788 1951 beständig
813 1893 854 1953 ein
897 1891 1005 1951 wildes
1030 1890 1119 1950 Roß,
1138 1889 1234 1949 dessen

234 1944 470 2004 Lebhaftigkeit
488 1945 556 2005 man
586 1945 729 2005 mäßigen
765 1944 857 2004 muß.
904 1942 1059 2002 Braucht
1083 1942 1134 2002 ihr
1163 1939 1238 1999 seine

229 1996 353 2056 Kraste
377 1995 455 2055 nicht
479 1996 535 2056 mit
559 1993 700 2053 gewisser
724 1995 985 2055 Wirthlichkeit,
1009 1993 1031 2053 so
1060 1993 1139 2053 wird
1162 1992 1247 2052 seine

224 2045 464 2105 Lebhaftigkeit
481 2043 542 2103 nur
565 2043 631 2103 eine
655 2043 883 2103 vergängliche
900 2043 1113 2103 Aufwallung
1136 2040 1224 2100 seyn.

283 2091 365 2151 Eben
404 2091 454 2151 die
482 2093 681 2153 Laulichkeit
709 2094 753 2154 die
781 2090 830 2150 ihr
870 2093 919 2153 bey
964 2091 1013 2151 dem
1064 2088 1240 2148 Liebhaber

230 2144 301 2204 nach
338 2142 431 2202 diesen
478 2145 705 2205 verzückenden
737 2142 969 2202 Bewegungen
1006 2141 1248 2201 wahrnehmet,

230 2193 353 2253 werdet
374 2193 421 2253 ihr
447 2192 514 2252 auch
540 2192 633 2252 selbst
654 2192 685 2252 an
721 2192 783 2252 euch
810 2193 954 2253 fühlen,
981 2191 1042 2251 und
1073 2190 1141 2250 bald
1177 2189 1249 2249 dar¬

232 2242 290 2302 auf
307 2240 428 2300 werdet
450 2238 497 2298 ihr
519 2240 614 2300 beyde
642 2240 689 2300 die
710 2240 1008 2300 Nothwendigkeit
1029 2238 1092 2298 euch
1125 2237 1151 2297 zu
1183 2236 1252 2296 ver¬

233 2290 319 2350 laßen
362 2286 567 2346 empfinden.
638 2285 718 2345 Mit
752 2288 837 2348 einem
887 2288 1010 2348 Wort,
1043 2288 1075 2348 es
1114 2288 1248 2348 gehöret

230 2338 322 2398 mehr
349 2336 529 2396 Verstand,
550 2335 597 2395 als
623 2336 695 2396 man
721 2337 835 2397 denkt,
856 2339 913 2399 zum
950 2339 1057 2399 Lieben
1090 2338 1151 2398 und
1177 2336 1228 2396 zum

231 2390 380 2450 glücklich
409 2387 469 2447 seyn
503 2384 525 2444 im
570 2381 697 2441 Lieben.

285 2437 353 2497 Bis
376 2437 409 2497 zu
439 2436 489 2496 dem
529 2432 818 2492 unvermeidlichen
853 2437 938 2497 Ja,
961 2440 1034 2500 oder
1069 2435 1165 2495 besser
1194 2432 1238 2492 bis

232 2492 259 2552 zu
293 2488 381 2548 ihrer
415 2485 681 2545 Ueberwindung
715 2482 776 2542 hat
799 2484 865 2544 eine
888 2487 970 2547 Frau
1010 2488 1093 2548 keine
1127 2485 1248 2545 Kunst¬

232 2539 329 2599 griffe
353 2538 468 2598 nöthig
504 2536 538 2596 um
591 2536 636 2596 sich
672 2530 758 2590 ihren
793 2533 972 2593 Liebhaber
1001 2536 1035 2596 zu
1076 2536 1243 2596 erhalten.

230 2587 299 2647 Die
331 2587 570 2647 Neubegierde
597 2583 745 2643 muntert
772 2581 825 2641 ihn
863 2584 942 2644 auf,
970 2587 1022 2647 das
1049 2584 1234 2644 Verlangen

227 2638 417 2698 unterstützt
444 2638 523 2698 ihn,
561 2635 619 2695 und
656 2632 714 2692 von
752 2631 805 2691 der
832 2632 990 2692 Hofnung
1023 2635 1186 2695 bekommt
1208 2635 1239 2695 er

228 2685 358 2745 Muth.
409 2685 471 2745 Ist
489 2684 516 2744 er
545 2684 618 2744 aber
641 2683 765 2743 einmal
783 2679 952 2739 glücklich,
975 2684 1003 2744 so
1026 2684 1059 2744 ist
1088 2684 1138 2744 die
1162 2685 1240 2745 Rei¬

226 2734 266 2794 he
290 2736 324 2796 an
360 2736 405 2796 die
429 2733 569 2793 Schöne
587 2735 639 2795 sich
663 2733 691 2793 so
715 2733 778 2793 viel
802 2729 912 2789 Mühe
936 2733 1040 2793 wegen
1070 2733 1168 2793 seiner
1186 2727 1243 2787 Er¬

228 2786 360 2846 haltung
394 2784 421 2844 zu
450 2784 576 2844 geben,
599 2784 648 2844 als
671 2784 720 2844 ihm
760 2780 831 2840 ihre
854 2778 1114 2838 Ueberwindung
1148 2784 1241 2844 geko¬

232 2832 281 2892 stet
304 2834 382 2894 hat,
410 2834 459 2894 der
482 2831 620 2891 Wunsch
649 2832 699 2892 ihn
744 2829 904 2889 beständig
938 2831 966 2891 zu
1005 2833 1127 2893 machen
1161 2832 1232 2892 muß

223 2886 263 2946 sie
287 2885 476 2945 verschlagen
506 2885 656 2945 machen.
703 2885 766 2945 Ein
796 2881 881 2941 Herz
906 2881 940 2941 ist
964 2880 1021 2940 wie
1045 2882 1090 2942 die
1108 2882 1223 2942 großen

1283 319 1424 379 Oerter,
1448 318 1536 378 deren
1566 321 1760 381 Eroberung
1785 321 1909 381 leichter
1933 318 1974 378 ist
2004 317 2050 377 als
2081 318 2151 378 ihre
2175 320 2298 380 Erhal¬

1276 369 1375 429 tung.
1424 369 1529 429 Reize
1561 369 1651 429 allein
1688 372 1804 432 können
1847 370 1915 430 eine
1942 367 2195 427 Mannsperson
2233 371 2301 431 ver¬

1277 416 1355 476 liebt
1384 416 1530 476 machen.
1582 418 1683 478 Allein
1718 419 1751 479 es
1780 419 1892 479 gehört
1910 419 1999 479 mehr
2028 416 2129 476 dazu,
2158 416 2208 476 ihn
2249 416 2299 476 be¬

1277 467 1399 527 ständig
1434 467 1461 527 zu
1501 466 1645 526 machen.
1713 470 2021 530 Geschicklichkeit,
2049 467 2216 527 Kenntniß
2256 467 2306 527 ge¬

1282 515 1384 575 wisser
1412 515 1531 575 kleiner
1564 515 1765 575 Vortheile,
1798 518 1862 578 viel
1890 521 2085 581 Verstand,
2118 517 2178 577 und
2211 515 2303 575 selbst

1282 566 1342 626 eine
1364 566 1615 626 Abschattirung
1655 565 1709 625 von
1742 569 1851 629 Laune
1879 569 1938 629 und
1978 571 2207 631 Ungleichheit
2235 565 2300 625 sind

1282 613 1357 673 dazu
1384 613 1514 673 nöthig.
1575 613 1677 673 Allein
1716 616 1769 676 zum
1813 619 1954 679 Unglück
1987 617 2046 677 sind
2085 619 2133 679 die
2155 616 2301 676 Frauen,

1277 664 1380 724 sobald
1406 664 1457 724 als
1479 661 1514 721 sie
1536 664 1784 724 überwunden,
1805 670 1835 730 zu
1872 667 2022 727 zärtlich,
2048 668 2079 728 zu
2105 667 2296 727 zuvorkom¬

1277 712 1390 772 mend.
1417 712 1592 772 Vielleicht
1608 715 1711 775 sollten
1743 715 1778 775 sie
1800 717 1835 777 um
1872 718 1924 778 des
1955 718 2115 778 gemeinen
2147 718 2291 778 Bestens

1276 762 1376 822 willen
1409 763 1434 823 im
1472 760 1626 820 Anfange
1653 766 1753 826 etwas
1780 769 1950 829 weniger,
1977 766 2035 826 und
2063 768 2089 828 in
2121 766 2173 826 der
2195 766 2295 826 Folge

1278 809 1378 869 etwas
1405 811 1495 871 mehr
1522 813 1734 873 Widerstand
1761 816 1866 876 thun.
1920 816 1988 876 Ich
2021 816 2221 876 wiederhole
2248 816 2301 876 es,

1276 861 1314 921 sie
1334 861 1458 921 werden
1497 861 1640 921 niemals
1674 864 1794 924 anders
1828 864 1880 924 dem
1934 864 2120 924 Ueberdruß
2154 864 2302 924 auswei¬

1280 909 1377 969 chen,
1405 912 1453 972 als
1475 912 1638 972 dadurch,
1672 915 1726 975 daß
1754 917 1791 977 sie
1813 915 1862 975 dem
1912 918 2031 978 Herzen
2064 918 2135 978 Zeit
2151 918 2178 978 zu
2211 915 2303 975 wün=

1287 960 1367 1020 schen
1398 961 1516 1021 laßen.

1341 1025 1392 1085 Ich
1422 1031 1496 1091 höre
1520 1031 1560 1091 sie
1578 1033 1739 1093 beständig
1769 1034 1907 1094 darüber
1930 1034 2063 1094 klagen,
2098 1037 2155 1097 daß
2185 1034 2294 1094 unsere

1287 1079 1584 1139 Gleichgültigkeit
1601 1082 1753 1142 jederzeit
1775 1079 1824 1139 die
1846 1082 1964 1142 Frucht
1982 1079 2067 1139 ihrer
2090 1082 2306 1142 Gefälligkei¬

1285 1127 1331 1187 ten
1363 1128 1455 1188 gegen
1487 1127 1544 1187 uns
1570 1127 1616 1187 sey
1653 1127 1663 1187 —

1721 1130 1955 1190 Unaufhörlich
1989 1127 2136 1187 erinnern
2164 1127 2202 1187 sie
2230 1130 2289 1190 uns

1289 1178 1318 1238 an
1348 1178 1395 1238 die
1419 1178 1512 1238 Zeit,
1537 1180 1571 1240 da
1596 1178 1654 1238 wir
1684 1181 1748 1241 voll
1767 1181 1854 1241 Liebe
1879 1181 1937 1241 und
1967 1179 2190 1239 Empfindung
2220 1181 2296 1241 gan¬

1286 1229 1318 1289 ze
1341 1225 1435 1285 Tage
1457 1228 1507 1288 bey
1535 1227 1629 1287 ihnen
1657 1231 1839 1291 zubrachten
1879 1225 1883 1285 —
1951 1228 2028 1288 Wie
2050 1231 2222 1291 verblendt
2233 1228 2294 1288 sind

1286 1276 1323 1336 sie
1345 1279 1453 1339 nicht!
1475 1276 1551 1336 Sie
1574 1279 1693 1339 werden
1726 1282 1752 1342 es
1780 1282 1861 1342 nicht
1883 1282 2040 1342 gewahr,
2068 1281 2127 1341 wie
2155 1279 2187 1339 es
2220 1279 2290 1339 noch

1287 1330 1313 1390 in
1340 1332 1424 1392 ihrer
1446 1330 1584 1390 Gewalt
1600 1332 1695 1392 steht,
1712 1333 1769 1393 uns
1796 1333 1822 1393 in
1855 1331 1923 1391 eben
1956 1330 2003 1390 die
2019 1333 2241 1393 Situationen
2263 1333 2289 1393 zu

1287 1384 1447 1444 bringen,
1473 1384 1562 1444 deren
1595 1384 1761 1444 Andenken
1789 1384 1884 1444 ihnen
1911 1381 1936 1441 so
1962 1381 2058 1441 werth
2084 1381 2141 1441 ist.

1333 1455 1389 1515 Laß
1418 1455 1457 1515 sie
1481 1455 1657 1515 vergessen,
1674 1455 1742 1515 was
1771 1455 1810 1515 sie
1834 1455 1913 1515 schon
1942 1455 1992 1515 für
2015 1455 2078 1515 uns
2101 1455 2214 1515 gethan
2249 1452 2305 1512 ha¬

1282 1506 1369 1566 ben,
1395 1506 1420 1566 so
1446 1506 1569 1566 werden
1601 1506 1637 1566 sie
1658 1506 1745 1566 nicht
1771 1506 1915 1566 versucht
1936 1506 2080 1566 werden,
2096 1505 2167 1565 noch
2199 1503 2291 1563 mehr

1287 1559 1313 1619 zu
1346 1557 1451 1617 thun;
1484 1554 1526 1614 laß
1558 1554 1594 1614 sie
1616 1556 1642 1616 es
1669 1557 1733 1617 uns
1760 1555 1913 1615 vergessen
1941 1554 2088 1614 machen,
2116 1554 2142 1614 so
2169 1553 2290 1613 werden

1285 1605 1341 1665 wir
1367 1604 1506 1664 weniger
1533 1605 1666 1665 fodern;
1693 1604 1744 1664 laß
1781 1602 1816 1662 sie
1848 1605 1940 1665 unser
1967 1603 2049 1663 Herz
2085 1604 2178 1664 durch
2209 1602 2291 1662 neue

1287 1651 1575 1711 Schwierigkeiten
1606 1649 1814 1709 aufwecken;
1840 1649 1890 1709 laß
1916 1649 1956 1709 sie
1977 1650 2088 1710 endlich
2119 1649 2180 1709 uns
2201 1649 2291 1709 dahin

1281 1697 1443 1757 bringen,
1473 1694 1549 1754 neue
1578 1693 1707 1753 Proben
1741 1694 1827 1754 einer
1847 1694 2004 1754 Neigung
2038 1697 2072 1757 zu
2106 1697 2302 1757 verlangen,

1284 1737 1339 1797 von
1373 1734 1423 1794 der
1452 1736 1498 1796 die
1517 1736 1717 1796 Gewißheit
1741 1736 1793 1796 den
1826 1736 1937 1796 Werth
1975 1737 2003 1797 in
2036 1739 2148 1799 unsern
2176 1739 2283 1799 Augen

1286 1781 1512 1841 vermindert;
1542 1782 1621 1842 dann
1651 1782 1773 1842 werden
1799 1784 1867 1844 Sie
1887 1784 1936 1844 sich
1966 1784 2109 1844 weniger
2134 1787 2212 1847 über
2232 1787 2291 1847 uns

1282 1836 1311 1896 zu
1340 1834 1484 1894 beklagen
1514 1834 1635 1894 haben,
1653 1834 1710 1894 und
1734 1837 1797 1897 mit
1815 1837 1861 1897 sich
1890 1837 1982 1897 selbst
2001 1837 2179 1897 zufriedner
2203 1837 2295 1897 seyn.

1288 1885 1376 1945 Soll
1395 1888 1459 1948 ichs
1495 1888 1607 1948 Jhnen
1643 1888 1838 1948 offenherzig
1868 1891 2045 1951 gestehen?
2075 1890 2128 1950 die
2152 1891 2287 1951 Sachen

1281 1939 1405 1999 würden
1436 1939 1504 1999 eine
1525 1941 1664 2001 ziemlich
1694 1942 1793 2002 andre
1818 1942 1952 2002 Gestalt
1973 1942 2181 2002 bekommen,
2202 1942 2290 2002 wann

1280 1989 1327 2049 die
1359 1990 1491 2050 Damen
1529 1990 1582 2050 sich
1614 1991 1645 2051 zu
1683 1991 1852 2051 gelegener
1879 1990 1953 2050 Zeit
1975 1990 2186 2050 erinnerten,
2230 1991 2282 2051 daß

1277 2037 1349 2097 ihre
1372 2037 1465 2097 Rolle
1488 2037 1649 2097 beständig
1678 2040 1738 2100 mit
1756 2037 1805 2097 sich
1839 2040 1955 2100 bringt
1984 2039 2034 2099 sich
2068 2037 2223 2097 nöthigen
2257 2039 2284 2099 zu

1278 2088 1401 2148 laßen,
1427 2085 1473 2145 die
1494 2085 1622 2145 unfrige
1649 2088 1720 2148 aber
1741 2088 1772 2148 zu
1808 2091 1936 2151 bitten,
1968 2088 2029 2148 und
2066 2088 2143 2148 neue
2169 2088 2292 2148 Gütig¬

1283 2139 1372 2199 keiten
1405 2136 1431 2196 zu
1463 2133 1627 2193 verdienen
1669 2133 1679 2193 —
1743 2136 1801 2196 daß
1828 2138 1880 2198 sie,
1902 2139 2066 2199 geschaffen
2098 2137 2129 2197 zu
2156 2138 2293 2198 bewilli¬

1277 2190 1361 2250 gen,
1389 2184 1532 2244 niemals
1554 2184 1703 2244 anbieten
1735 2184 1873 2244 müssen.
1938 2184 2044 2244 Wenn
2076 2187 2113 2247 sie
2135 2189 2225 2249 selbst
2247 2190 2273 2250 im

1277 2236 1361 2296 Feur
1393 2232 1446 2292 der
1473 2232 1727 2292 Leidenschaften
1765 2234 2046 2294 zurückhaltender
2078 2236 2215 2296 wären,
2253 2235 2284 2295 so

1279 2285 1408 2345 würden
1437 2282 1476 2342 sie
1494 2282 1544 2342 sich
1573 2282 1657 2342 wohl
1681 2285 1804 2345 hüten,
1828 2285 1878 2345 sich
1913 2283 1991 2343 ohne
2020 2282 2280 2342 Einschränkung

1281 2339 1306 2399 zu
1338 2333 1538 2393 überlaßen;
1564 2330 1615 2390 der
1642 2333 1816 2393 Liebhaber
1838 2332 1950 2392 würde
1982 2330 2146 2390 beständig
2183 2331 2280 2391 etwas

1281 2388 1307 2448 zu
1345 2384 1439 2444 bitten
1477 2378 1619 2438 haben,
1657 2384 1772 2444 mithin
1810 2384 1925 2444 immer
1958 2378 2168 2438 unterwürfig
2201 2383 2295 2443 seyn,

1683 2435 1997 2495 Uneingeschränkte
2032 2432 2282 2492 Gefälligkeiten

1279 2432 1318 2492 um
1375 2434 1408 2494 zu
1453 2430 1627 2490 erhalten.

1277 2485 1398 2545 machen
1443 2481 1492 2541 die
1520 2478 1751 2538 anzüglichsten
1791 2485 1889 2545 Reize
1923 2479 2193 2539 geringschätzig,
2221 2484 2282 2544 und

1278 2533 1400 2593 werden
1427 2531 1543 2591 endlich
1570 2527 1660 2587 selbst
1682 2532 1766 2592 dem,
1793 2533 1846 2593 der
1868 2533 1904 2593 sie
1926 2530 2069 2590 fordert,
2091 2532 2143 2592 zum
2186 2534 2291 2594 Eckel.

1280 2581 1321 2641 Es
1363 2583 1404 2643 ist
1434 2581 1504 2641 eine
1540 2581 1964 2641 Erfahrungswahrheit:
2012 2579 2064 2639 die
2100 2584 2276 2644 Sätigung

1278 2635 1378 2695 macht
1399 2632 1458 2692 uns
1485 2629 1542 2689 alle
1564 2630 1834 2690 Frauenzimmer
1861 2632 1977 2692 gleich.
2052 2629 2125 2689 Die
2152 2629 2290 2689 Schöne

1279 2680 1337 2740 wie
1365 2679 1408 2739 die
1430 2676 1587 2736 Häßliche
1614 2679 1841 2739 unterscheiden
1875 2679 1923 2739 sich
1951 2679 2015 2739 nach
2043 2682 2129 2742 ihrer
2152 2679 2291 2739 Nieder¬

1279 2733 1341 2793 lage
1370 2729 1455 2789 durch
1484 2724 1591 2784 weiter
1615 2729 1716 2789 nichts
1740 2730 1785 2790 als
1814 2730 1859 2790 die
1882 2730 2007 2790 Kunst,
2025 2730 2075 2790 ihr
2099 2727 2223 2787 Ansehn
2252 2726 2280 2786 zu

1277 2780 1450 2840 erhalten;
1477 2775 1547 2835 was
1570 2776 1726 2836 geschieht
1749 2778 1824 2838 aber
1852 2778 2041 2838 meistens?
2091 2775 2177 2835 Eine
2199 2772 2280 2832 Frau

1278 2830 1391 2890 glaubt
1408 2823 1522 2883 weiter
1550 2826 1648 2886 nichts
1675 2829 1702 2889 zu
1735 2829 1806 2889 thun
1839 2829 1865 2889 zu
1893 2829 2018 2889 haben,
2051 2826 2093 2886 als
2121 2820 2284 2880 gutthätig

1277 2876 1532 2936 schmeichelnd,
1550 2879 1660 2939 sanft,
1690 2882 1782 2942 gleich
1806 2882 1869 2942 und
1894 2882 1951 2942 treu
1981 2880 2015 2940 zu
2045 2876 2132 2936 seyn.
2202 2869 2277 2929 Von

2189 2921 2286 2981 einer
