2479 3508
241 361 371 421 welcher
395 359 448 419 zum
496 351 602 411 Theil
621 349 709 409 eines
740 351 893 411 Daumes
930 350 988 410 dick
1018 348 1155 408 gewesen
1197 348 1255 408 ist,

245 412 306 472 und
333 407 389 467 von
421 404 503 464 einem
545 399 680 459 heftigen
711 399 955 459 Wirbelwinde
981 395 1255 455 herumgeschleu¬

245 459 318 519 dert
335 455 493 515 worden,
520 449 578 509 hat
594 449 620 509 in
658 447 710 507 der
732 449 885 509 Provinz
912 449 1054 509 Wiborg
1087 445 1155 505 sehr
1187 443 1250 503 viel

246 505 400 565 Schaden
432 500 628 560 verursacht,
645 497 670 557 so
697 497 748 557 daß
774 497 831 557 auf
852 497 976 557 einigen
1003 497 1132 557 Feldern
1163 494 1235 554 kaum

246 554 293 614 der
326 553 427 613 vierte
454 548 560 608 Theil
588 548 640 608 des
662 548 838 608 Getreides
870 546 971 606 stehen
1009 544 1168 604 geblieben
1201 543 1259 603 ist.

243 604 361 664 Denen
393 598 584 658 Liebhabern
615 594 667 654 der
688 595 946 655 Wissenschaften
983 593 1044 653 und
1076 592 1246 652 nützlichen

245 652 527 712 Untersuchungen
552 646 622 706 muß
653 646 723 706 man
749 646 794 706 die
815 643 960 703 traurige
981 640 1177 700 Bothschaft
1208 639 1258 699 be¬

243 703 392 763 richten,
418 701 469 761 daß
501 695 542 755 die
568 694 620 754 von
651 691 723 751 Sr.
750 691 894 751 Königl.
920 691 1023 751 Maj.
1050 691 1106 751 mit
1132 688 1158 748 so
1189 688 1261 748 gro¬

250 751 299 811 ßen
330 749 441 809 Kosten
472 747 532 807 und
558 744 729 804 Sorgfalt
745 741 998 801 ausgeschickte,
1024 739 1084 799 und
1110 739 1165 799 von
1196 736 1261 796 ver¬

252 801 407 861 schiednen
433 793 629 853 Gelehrten,
649 789 820 849 sonderlich
851 790 921 850 aber
936 789 991 849 von
1022 789 1072 849 dem
1108 785 1263 845 berühm¬

251 850 293 910 ten
331 846 437 906 Herrn
474 843 612 903 Hofrath
650 840 835 900 Michaelis
878 840 937 900 mit
974 840 1000 900 so
1033 839 1250 899 vortreflichen

248 894 534 954 Unterweisungen
567 889 757 949 zubereitete
779 888 938 948 arabische
960 889 1262 949 Reisegesellschaft,

251 948 388 1008 nachdem
425 942 594 1002 dieselbige
615 939 667 999 das
694 939 789 999 ganze
805 939 968 999 glückliche
985 939 1116 999 Arabien
1143 936 1153 996 8
1180 933 1258 993 Mo¬

248 998 308 1058 nat
328 995 399 1055 lang
425 989 677 1049 durchgereiset,
708 987 773 1047 und
809 987 940 1047 überall
966 987 1042 1047 alles
1073 987 1123 1047 ihr
1154 984 1249 1044 vorge

252 1042 412 1102 kommene
439 1034 687 1094 Merkwürdige
709 1034 770 1094 mit
797 1031 994 1091 möglichstem
1036 1034 1123 1094 Fleiß
1155 1032 1263 1092 unter¬

261 1091 358 1151 suchet
379 1085 435 1145 und
462 1082 652 1142 gesammlet
673 1081 786 1141 hatte,
812 1077 868 1137 das
889 1079 1022 1139 schwere
1044 1082 1182 1142 Unglück
1214 1076 1259 1136 be¬

253 1139 368 1199 troffen
403 1136 483 1196 hat,
519 1133 576 1193 daß
611 1130 697 1190 deren
738 1127 934 1187 sämmtliche
969 1130 1165 1190 Mitglieder
1195 1127 1252 1187 von

256 1192 309 1252 zum
357 1184 463 1244 Theil
481 1178 694 1238 gefährlichen
724 1178 943 1238 Krankheiten
974 1178 1169 1238 überfallen,
1199 1174 1257 1234 und

254 1238 370 1298 endlich
398 1233 466 1293 drey
493 1228 625 1288 davon,
652 1228 784 1288 nämlich
811 1225 858 1285 die
880 1225 1086 1285 Professores
1113 1225 1166 1285 von
1198 1222 1266 1282 Ha=

252 1288 309 1348 ven
347 1288 410 1348 und
442 1280 626 1340 ForsKaal
648 1279 684 1339 am
732 1276 837 1336 25sten
875 1278 959 1338 May
996 1276 1059 1336 und
1086 1276 1175 1336 11ten
1202 1273 1265 1333 Ju=

255 1336 292 1396 lii
314 1336 439 1396 vorigen
472 1333 624 1393 Jahres,
640 1327 748 1387 sodann
782 1327 830 1387 der
858 1328 993 1388 Mahler
1015 1326 1270 1386 Baurenfeind,

254 1389 317 1449 und
350 1387 456 1447 zuletzt
488 1381 530 1441 ein
568 1381 663 1441 ihnen
696 1378 849 1438 gefolgter
882 1378 1041 1438 dänischer
1073 1377 1264 1437 Bedienter,

252 1436 342 1496 durch
378 1431 433 1491 den
464 1428 530 1488 Tod
561 1428 829 1488 hinweggerissen
860 1425 1021 1485 worden,
1052 1426 1183 1486 worauf
1214 1425 1259 1485 die

254 1486 328 1546 noch
355 1482 481 1542 übrigen
513 1479 624 1539 beyde,
640 1477 687 1537 der
709 1476 1089 1536 Ingenieurlieutenant
1106 1473 1258 1533 Niebuhr

254 1532 315 1592 und
342 1533 393 1593 der
420 1527 575 1587 Medicus
601 1524 658 1584 D.
679 1526 813 1586 Cramer
845 1524 896 1584 zur
923 1524 1068 1584 Rettung
1099 1524 1187 1584 ihres
1213 1524 1265 1584 Le¬

260 1583 334 1643 bens
361 1581 445 1641 nicht
472 1578 588 1638 anders
620 1572 784 1632 gekonnt,
817 1575 864 1635 als
896 1572 943 1632 sich
975 1575 1170 1635 ungesaumt
1203 1572 1255 1632 von

250 1631 406 1691 dannen,
448 1627 505 1687 und
537 1623 626 1683 zwar
658 1622 689 1682 am
742 1622 846 1682 23sten
883 1622 1008 1682 August
1035 1622 1259 1682 abgewichnen

261 1679 395 1739 Jahres
423 1671 476 1731 von
509 1670 622 1730 Mocca
660 1670 719 1730 aus
752 1669 821 1729 nach
849 1670 1000 1730 Bombay
1038 1670 1064 1730 in
1092 1669 1259 1729 Ostindien

260 1727 284 1787 zu
314 1719 472 1779 begeben,
492 1715 635 1775 woselbst
660 1715 694 1775 sie
715 1715 748 1775 am
793 1712 887 1772 11ten
917 1712 1104 1772 Septemb.
1124 1715 1262 1775 glücklich

257 1766 485 1826 angekommen
514 1757 597 1817 sind,
621 1757 681 1817 und
710 1757 798 1817 unter
822 1756 872 1816 dem
915 1757 1008 1817 10ten
1036 1754 1129 1814 Jan.
1148 1752 1273 1812 jüngst¬

263 1814 316 1874 hin
347 1809 401 1869 von
432 1808 479 1868 sich
505 1805 601 1865 obige
626 1802 777 1862 betrübte
796 1799 994 1859 Nachricht,
1032 1799 1092 1859 wie
1123 1798 1188 1858 auch
1225 1799 1273 1859 die

266 1862 535 1922 Versicherung,
579 1855 633 1915 daß
671 1851 713 1911 sie
745 1852 940 1912 beyderseits
978 1849 1161 1909 nunmehro
1193 1848 1266 1908 ihre

268 1915 435 1975 Rückreise
465 1911 539 1971 nach
574 1906 707 1966 Europa
737 1903 904 1963 nächstens
935 1906 1078 1966 antreten
1120 1903 1269 1963 würden,

266 1969 399 2029 gegeben
434 1961 551 2021 haben.

507 2008 761 2068 Warschau,
786 2005 838 2065 den
874 2005 915 2065 9.
940 2005 1027 2065 Aug.

314 2061 402 2121 Seit
425 2058 546 2118 etlichen
574 2053 685 2113 Tagen
719 2054 757 2114 ist
785 2054 895 2114 allhier
929 2054 979 2114 der
1002 2052 1184 2112 Lithausche
1206 2048 1272 2108 Ge¬

263 2112 629 2172 neralfeldzeugmeister
660 2101 753 2161 Graf
784 2103 923 2163 Potocki
949 2103 1176 2163 angelanget,
1202 2099 1258 2159 und

267 2163 385 2223 wieder
408 2160 478 2220 nach
506 2157 603 2217 seinen
631 2151 760 2211 Gütern
794 2151 842 2211 ins
870 2151 1103 2211 Vollhynische
1131 2148 1277 2208 abgerei¬

265 2216 321 2276 set,
344 2211 406 2271 mit
424 2209 474 2269 dem
515 2202 723 2262 Versprechen
752 2202 803 2262 sich
827 2199 882 2259 auf
906 2199 950 2259 der
974 2199 1138 2259 künftigen
1167 2199 1268 2259 Wahl

269 2260 331 2320 hier
360 2252 579 2312 einzufinden.
608 2244 653 2304 Es
676 2246 754 2306 wird
783 2246 851 2306 auch
879 2246 992 2306 allhier
1015 2249 1065 2309 der
1088 2246 1156 2306 Hr.
1168 2246 1268 2306 Woy¬

271 2308 338 2368 wod
361 2303 417 2363 von
446 2298 537 2358 Kyow
577 2291 667 2351 Graf
691 2294 826 2354 Potocki
849 2294 934 2354 nebst
952 2297 1047 2357 seiner
1071 2295 1184 2355 ganzen
1218 2294 1274 2354 Fa=

267 2358 357 2418 milie
380 2352 436 2412 und
460 2345 555 2405 seinem
590 2339 696 2399 Eydam
736 2342 787 2402 dem
821 2344 911 2404 Hrn.
923 2345 1046 2405 Grafen
1075 2345 1131 2405 von
1155 2342 1267 2402 Brühl

1199 2391 1253 2451 Am

273 2396 789 2456 Generalkronfeldzeugmeister
810 2393 953 2453 ehestens
980 2393 1155 2453 verhoffet.

266 2452 486 2512 verwichenen
518 2440 677 2500 Dienstag
708 2437 794 2497 hatte
825 2440 874 2500 der
905 2443 1003 2503 Ruß.
1028 2442 1181 2502 Kayserl.
1200 2440 1273 2500 Ge¬

266 2506 374 2566 sandte
394 2500 445 2560 der
485 2492 581 2552 Graf
607 2489 658 2549 von
698 2486 910 2546 Kayserling,
936 2494 993 2554 und
1020 2494 1070 2554 der
1091 2491 1193 2551 Fürst
1207 2488 1264 2548 von

268 2553 421 2613 Repnin,
434 2546 486 2606 wie
510 2545 581 2605 auch
612 2539 658 2599 der
682 2534 823 2594 Königl.
842 2539 972 2599 Preuß.
990 2542 1149 2602 Gesandte
1173 2538 1267 2598 Fürst

272 2602 325 2662 von
356 2599 506 2659 Carolath
543 2594 597 2654 bey
628 2587 706 2647 Sr.
725 2584 863 2644 Durchl.
882 2586 936 2646 dem
972 2587 1099 2647 Fürsten
1124 2589 1268 2649 Primas

266 2650 297 2710 in
323 2646 530 2706 Gegenwart
562 2641 656 2701 vieler
683 2634 808 2694 Herren
833 2635 1022 2695 Senatoren
1061 2641 1117 2701 und
1149 2638 1281 2698 Beam¬

265 2700 313 2760 ten
342 2694 532 2754 Audience,
554 2692 610 2752 auf
639 2686 773 2746 welcher
802 2679 837 2739 sie
873 2683 921 2743 die
951 2688 1148 2748 Zuneigung
1177 2688 1268 2748 ihrer

269 2749 355 2809 Höfe
380 2745 473 2805 gegen
504 2742 554 2802 die
573 2738 740 2798 Republik
771 2727 969 2787 contestiret,
988 2738 1050 2798 und
1069 2736 1093 2796 im
1137 2736 1266 2796 Namen

268 2796 420 2856 derselben
462 2790 535 2850 Sr.
558 2787 638 2847 Erl.
661 2787 712 2847 den
747 2778 877 2838 Grafen
906 2783 1111 2843 Stanislaum
1147 2784 1277 2844 Ponia¬

269 2845 389 2905 towski
413 2840 564 2900 Truchses
601 2835 655 2895 von
687 2832 837 2892 Lithauen
868 2827 916 2887 zum
959 2833 1122 2893 erledigten
1159 2832 1261 2892 Thron

267 2894 568 2954 recommendiret,
593 2889 667 2949 auch
692 2887 724 2947 da
757 2885 805 2945 sich
839 2877 977 2937 besagter
1011 2883 1075 2943 Hr.
1101 2882 1279 2942 Truchses,

1295 343 1359 403 eben
1396 345 1531 405 daselbst
1567 348 1733 408 zufälliger
1775 345 1863 405 weise
1899 345 2082 405 befunden,
2113 345 2207 405 haben
2243 349 2295 409 ihn

1292 392 1339 452 die
1371 392 1519 452 Durchl.
1551 397 1683 457 Fürsten
1721 392 1959 452 Czartoryski,
1991 392 2197 452 Woywoden
2240 397 2297 457 von

1294 443 1401 503 Rußl.
1424 440 1483 500 und
1516 444 1744 504 Großcanzler
1772 446 1830 506 von
1864 443 2043 503 Lithauen,
2065 440 2140 500 Se.
2162 442 2303 502 Durchl.

1298 491 1345 551 dem
1383 490 1515 550 Fürsten
1542 493 1684 553 Primas
1711 495 1753 555 als
1780 497 1981 557 Candidaten
2008 491 2209 551 empfehlen,
2236 492 2299 552 und

1300 541 1343 601 für
1371 540 1462 600 dessen
1496 544 1722 604 Beförderung
1751 545 1935 605 obbesagten
1968 545 2076 605 Herrn
2109 539 2293 599 Gesandten

1295 589 1362 649 ihre
1391 590 1611 650 Danksagung
1641 595 1844 655 abgestattet.
1901 592 1975 652 Des
2009 594 2138 654 Fürsten
2168 589 2308 649 Prima¬

1294 633 1337 693 tis
1364 637 1510 697 Durchl.
1526 641 1655 701 dankten
1688 643 1850 703 gleichfals
1877 643 1931 703 vor
1964 643 2039 703 diese
2066 643 2093 703 so
2126 641 2298 701 schätzbare

1299 688 1634 748 Recommendation,
1661 694 1722 754 und
1754 694 1908 754 bezeigten
1945 694 2058 754 Ihnen
2095 694 2167 754 dero
2198 688 2312 748 beson¬

1300 734 1368 794 dern
1395 733 1517 793 Dank,
1539 738 1592 798 daß
1629 742 1703 802 Sie
1730 740 1820 800 selbst
1847 739 2080 799 zugestanden,
2102 742 2155 802 daß
2193 741 2240 801 sich
2272 739 2298 799 in

1298 784 1349 844 der
1370 784 1540 844 polnischen
1577 789 1700 849 Nation
1737 789 1886 849 würdige
1912 789 2076 849 Subjecta
2108 789 2164 849 zur
2191 789 2304 849 Krone

1294 834 1462 894 befinden.
1516 836 1563 896 In
1590 840 1684 900 denen
1712 837 2007 897 Woywodschaften
2045 837 2192 897 Braclaw
2241 838 2298 898 und

1303 883 1462 943 Podolien
1499 887 1560 947 sind
1592 888 1663 948 auch
1695 888 1988 948 Conföderationes
2020 888 2215 948 bestanden,
2247 888 2303 948 zur

1306 933 1548 993 Beywohnung
1575 937 1648 997 aber
1670 936 1717 996 der
1744 937 1902 997 künftigen
1934 939 2160 999 Königswahl
2177 936 2234 996 aus
2256 936 2303 996 der

1306 984 1558 1044 Braclawischen
1584 984 1852 1044 Woywodschaft
1873 984 1908 1044 28
1935 987 1996 1047 und
2023 988 2079 1048 aus
2110 987 2162 1047 der
2193 984 2311 1044 Podo¬

1300 1028 1405 1088 lischen
1436 1028 1470 1088 36
1501 1031 1677 1091 Landboten
1707 1031 1838 1091 erwehlt
1859 1031 2009 1091 worden.
2060 1034 2135 1094 Vor
2156 1034 2205 1094 den
2226 1032 2306 1092 Erb¬

1302 1075 1430 1135 prinzen
1460 1076 1514 1136 von
1544 1078 1686 1138 Curland
1712 1077 1746 1137 ist
1776 1076 1888 1136 allhier
1919 1076 1963 1136 ein
1998 1079 2135 1139 gewisses
2170 1081 2308 1141 Pallais

1306 1124 1482 1184 gemiethet
1509 1124 1654 1184 worden,
1680 1126 1768 1186 indem
1816 1126 1867 1186 sich
1904 1124 2049 1184 besagter
2075 1127 2184 1187 Prinz
2216 1130 2303 1190 gleich

1299 1172 1368 1232 nach
1400 1175 1592 1235 vollendeter
1614 1175 1842 1235 Königswahl
1864 1175 1933 1235 hier
1955 1172 2114 1232 einfinden
2146 1175 2231 1235 will,
2253 1175 2289 1235 um

1307 1219 1406 1279 sowol
1423 1222 1472 1282 für
1495 1225 1594 1285 seinen
1622 1225 1726 1285 Vater
1749 1225 1798 1285 als
1827 1225 1882 1285 vor
1899 1223 1948 1283 sich
1977 1225 2026 1285 die
2048 1223 2241 1283 Belehnung
2270 1223 2296 1283 zu

1305 1275 1464 1335 erhalten.
1487 1276 1610 1336 Hiesige
1634 1273 1894 1333 Weichselbrücke
1912 1276 1945 1336 ist
1963 1276 2076 1336 bereits
2093 1276 2297 1336 vollkommen

1307 1325 1414 1385 fertig,
1432 1326 1488 1386 auf
1505 1327 1635 1387 selbiger
1653 1327 1777 1387 werden
1806 1327 1862 1387 alle
1880 1327 2049 1387 Fahrende
2078 1327 2140 1387 und
2174 1325 2310 1385 Gehen¬

1300 1378 1332 1438 de
1360 1378 1408 1438 bis
1436 1378 1495 1438 zur
1523 1375 1686 1435 Kronung
1724 1378 1789 1438 frey
1823 1378 1980 1438 paßiren.
2024 1378 2106 1438 Der
2128 1376 2301 1436 Schoppen

1301 1428 1354 1488 und
1390 1426 1437 1486 die
1474 1428 1724 1488 Verschanzung
1754 1428 1813 1488 auf
1843 1429 1896 1489 den
1939 1428 2099 1488 künftigen
2142 1425 2301 1485 Wahltag

1295 1479 1371 1539 wird
1408 1479 1485 1539 auch
1521 1478 1591 1538 bald
1627 1479 1722 1539 fertig
1746 1479 1840 1539 seyn.

1594 1552 1736 1612 Riga,
1760 1552 1813 1612 den
1849 1552 1914 1612 19.
1938 1554 2026 1614 Jul.

1367 1601 1454 1661 Ihro
1489 1602 1588 1662 Maj.
1617 1602 1663 1662 die
1693 1602 1791 1662 Ruß.
1815 1602 1966 1662 Kaiserin
2008 1602 2106 1662 haben
2141 1602 2199 1662 auf
2217 1599 2309 1659 Dero

1299 1654 1399 1714 Reise
1425 1651 1596 1711 besonders
1627 1649 1788 1709 bemerkt,
1809 1649 1864 1709 daß
1900 1651 1929 1711 es
1960 1649 2020 1709 mit
2046 1650 2101 1710 dem
2142 1651 2243 1711 Hafen
2273 1649 2303 1709 zu

1304 1697 1491 1757 Rogerwick
1521 1694 1614 1754 (ietzt
1644 1691 1693 1751 der
1718 1691 1885 1751 Baltische
1905 1694 2072 1754 genannt)
2097 1694 2215 1754 bereits
2245 1693 2309 1753 sehr

1303 1739 1381 1799 weit
1399 1736 1602 1796 gekommen,
1620 1733 1694 1793 weil
1716 1733 1747 1793 er
1769 1733 1795 1793 so
1827 1735 1905 1795 weit
1928 1736 1989 1796 und
2020 1735 2095 1795 tief,
2113 1738 2165 1798 daß
2201 1736 2227 1796 er
2258 1736 2306 1796 die

1306 1781 1396 1841 ganze
1423 1778 1566 1838 rußische
1598 1778 1699 1838 Flotte
1731 1781 1917 1841 einnehmen
1955 1784 2066 1844 kann;
2099 1786 2162 1846 und
2195 1786 2220 1846 in
2258 1787 2311 1847 der

1307 1831 1399 1891 That
1423 1832 1521 1892 dieser
1545 1831 1620 1891 neue
1645 1831 1748 1891 Hafen
1778 1831 1813 1891 ist
1842 1834 1894 1894 für
1918 1834 2074 1894 Rußland
2104 1840 2179 1900 auch
2209 1840 2243 1900 um
2284 1840 2307 1900 so

1302 1888 1361 1948 viel
1374 1888 1556 1948 wichtiger,
1581 1885 1610 1945 da
1636 1885 1702 1945 eine
1715 1885 1817 1945 Flotte
1836 1885 1853 1945 im
1890 1888 2054 1948 Frühjahr
2073 1893 2133 1953 aus
2152 1895 2200 1955 ihm
2237 1898 2303 1958 eher

1303 1939 1438 1999 kommen
1468 1939 1570 1999 kann,
1587 1936 1632 1996 als
1668 1936 1724 1996 aus
1759 1936 1838 1996 allen
1873 1939 2049 1999 Rußischen
2084 1945 2214 2005 Häfen,
2238 1948 2311 2008 weil

1302 1987 1334 2047 er
1351 1989 1383 2049 am
1427 1987 1518 2047 ersten
1545 1984 1599 2044 vom
1648 1985 1723 2045 Eise
1751 1987 1891 2047 befreyet
1913 1988 2009 2048 wird,
2037 1992 2096 2052 und
2129 1992 2177 2052 die
2205 1996 2307 2056 Flotte

1305 2037 1377 2097 auch
1403 2035 1433 2095 am
1476 2035 1625 2095 spätesten
1652 2034 1677 2094 in
1708 2034 1759 2094 ihm
1801 2037 1956 2097 einlaufen
1988 2037 2085 2097 kann,
2102 2040 2174 2100 weil
2185 2042 2215 2102 er
2231 2044 2313 2104 nicht

1304 2085 1490 2145 geschwinde
1526 2085 1595 2145 oder
1625 2082 1717 2142 frühe
1741 2085 1916 2145 zufrieret,
1934 2088 2050 2148 mithin
2086 2088 2161 2148 dazu
2191 2094 2318 2154 dienet,

1305 2136 1360 2196 daß
1388 2133 1438 2193 die
1460 2131 1565 2191 Flotte
1588 2130 1637 2190 die
1660 2130 1881 2190 Operationes
1910 2136 1959 2196 der
1982 2139 2098 2199 Armee
2126 2142 2220 2202 frühe
2254 2144 2303 2204 bey

1306 2181 1483 2241 Eröfnung
1509 2178 1563 2238 des
1589 2178 1761 2238 Feldzuges
1786 2178 1847 2238 und
1872 2184 1945 2244 spät
1964 2187 2014 2247 bey
2045 2193 2223 2253 Endigung
2248 2197 2315 2257 des¬

1306 2234 1403 2294 selben
1431 2231 1457 2291 zu
1490 2226 1697 2286 unterstüͤtzen
1735 2229 1881 2289 vermag.

1618 2336 2016 2396 AVERTISSEMENT.

1359 2397 1432 2457 Dem
1472 2398 1614 2458 Publico
1637 2396 1716 2456 wird
1740 2401 1858 2461 hiemit
1882 2402 2023 2462 bekannt
2052 2406 2216 2466 gemacht,
2250 2412 2306 2472 daß

1314 2450 1362 2510 die
1388 2452 1492 2512 fünfte
1517 2443 1658 2503 Ziehung
1690 2448 1738 2508 der
1770 2449 1911 2509 Königl.
1930 2452 2059 2512 Preuß.
2085 2455 2226 2515 Lotterie
2251 2462 2312 2522 auf

1314 2501 1367 2561 den
1398 2499 1499 2559 31sten
1530 2491 1620 2551 dieses
1651 2497 1794 2557 Monats
1813 2500 1915 2560 gewiß
1940 2501 1993 2561 vor
2024 2504 2077 2564 sich
2102 2507 2192 2567 gehen
2228 2510 2312 2570 wer=

1308 2552 1367 2612 de.
1434 2545 1489 2605 Im
1538 2543 1780 2603 Hauptcomtor
1811 2551 1859 2611 des
1890 2551 2035 2611 Königl.
2066 2560 2314 2620 Lotterieamtes

1310 2599 1366 2659 auf
1395 2597 1446 2657 dem
1492 2591 1712 2651 Roßgarten,
1735 2599 1860 2659 sowohl
1889 2599 1933 2659 als
1968 2602 2018 2662 bey
2053 2605 2143 2665 denen
2178 2610 2301 2670 Herren

1310 2646 1531 2706 Einnehmern
1559 2641 1653 2701 dieser
1676 2646 1808 2706 Lotterie
1842 2649 1963 2709 werden
2004 2651 2053 2711 die
2081 2655 2224 2715 Einsätze
2253 2656 2308 2716 zur

1308 2698 1468 2758 gedachten
1493 2689 1634 2749 Ziehung
1660 2694 1709 2754 bis
1728 2697 1777 2757 zum
1815 2700 1919 2760 29sten
1944 2703 2037 2763 dieses
2056 2704 2315 2764 angenommen.

1309 2805 1400 2865 Diese
1417 2799 1558 2859 Gelehrte
1580 2799 1634 2859 und
1656 2802 1818 2862 Politische
1835 2805 1965 2865 Zeitung
1992 2808 2057 2868 wird
2085 2807 2133 2867 des
2155 2808 2311 2868 Montags

1420 2844 1470 2904 und
1504 2844 1648 2904 Freytags
1671 2844 1693 2904 in
1722 2844 1766 2904 dem
1805 2848 1995 2908 Kanterschen
2029 2849 2201 2909 Buchladen

1704 2888 1910 2948 ausgegeben.
