2479 3508
595 1216 712 1276 51tes
751 1215 913 1275 Stück.
979 1211 1197 1271 Freytag,
1226 1205 1289 1265 den
1345 1204 1417 1264 27.
1454 1201 1609 1261 Julius
1648 1200 1801 1260 1764.

306 1294 462 1354 Beschluß
490 1291 537 1351 des
565 1290 629 1350 letzt
652 1285 883 1345 abgebrochnen
911 1282 1073 1342 Artikels.

196 1349 322 1409 Das
346 1343 443 1403 Theil
467 1339 519 1399 des
549 1334 692 1394 Körpers
728 1333 814 1393 einer
838 1329 1017 1389 Schnecke,
1046 1324 1173 1384 welches

176 1389 507 1449 unmittelbar
537 1381 590 1441 dem
639 1378 736 1438 Halse
766 1375 892 1435 folget,
927 1369 985 1429 und
1014 1369 1073 1429 das
1102 1366 1170 1426 eben

192 1437 338 1497 formirte
364 1428 464 1488 Theil
485 1428 535 1488 der
556 1422 682 1482 Schale
702 1419 879 1479 ausfüllet,
905 1415 1051 1475 schwitzet
1077 1410 1177 1470 ferner

189 1485 292 1545 keinen
329 1479 432 1539 gelben
469 1476 536 1536 noch
567 1472 738 1532 schwarzen
770 1467 858 1527 Saft
884 1464 971 1524 mehr
1004 1461 1086 1521 aus,
1112 1457 1179 1517 son¬

190 1533 260 1593 dern
298 1533 352 1593 nur
385 1527 450 1587 eine
483 1525 586 1585 dünne
614 1518 776 1578 wässerige
815 1515 918 1575 weisse
951 1508 1184 1568 Feuchtigkeit,

183 1584 320 1644 welche,
342 1581 374 1641 da
402 1578 440 1638 sie
474 1575 523 1635 sich
556 1572 588 1632 an
622 1571 676 1631 der
699 1567 830 1627 inneren
864 1563 962 1623 Seite
990 1562 1039 1622 der
1068 1558 1182 1618 neuge¬

188 1636 328 1696 machten
367 1628 491 1688 Schale
519 1625 693 1685 verdicket,
726 1619 878 1679 derselben
916 1613 981 1673 eine
1009 1610 1100 1670 Haut
1128 1608 1160 1668 an

193 1688 286 1748 legt,
315 1684 375 1744 und
408 1680 480 1740 ihre
508 1678 618 1738 innere
640 1673 828 1733 Bedeckung
856 1664 1044 1724 ausmacht,
1072 1661 1182 1721 welche

193 1738 375 1798 derowegen
409 1730 525 1790 allezeit
547 1727 702 1787 weißlich,
719 1723 774 1783 und
796 1721 934 1781 nimmer
951 1715 1117 1775 vielsärbig
1140 1712 1189 1772 ist.

242 1786 284 1846 Es
312 1781 386 1841 wird
414 1781 461 1841 itzt
483 1778 568 1838 einem
606 1772 857 1832 Naturforscher
879 1769 970 1829 leicht
997 1766 1093 1826 seyn,
1120 1763 1189 1823 das,

191 1831 262 1891 was
292 1829 358 1889 hier
388 1825 445 1885 von
479 1823 531 1883 den
565 1819 723 1879 gemeinen
757 1812 1040 1872 Gartenschnecken
1079 1812 1188 1872 gesagt

193 1877 351 1937 worden,
376 1870 433 1930 auf
462 1865 520 1925 alle
540 1864 679 1924 Thiere,
709 1858 823 1918 welche
853 1855 920 1915 eben
959 1852 1016 1912 mit
1041 1851 1180 1911 Schalen

197 1926 339 1986 bedecket
355 1920 444 1980 sind,
466 1909 703 1969 anzuwenden;
741 1901 798 1961 und
830 1897 878 1957 die
905 1894 1189 1954 Verschiedenheit

205 1977 260 2037 den
289 1968 428 2028 Farben,
457 1958 484 2018 in
504 1954 560 2014 der
580 1951 644 2011 aus
664 1946 710 2006 dem
748 1942 850 2002 Halse
871 1937 954 1997 einer
983 1933 1178 1993 wachsenden
1218 1930 1320 1990 lichem
1359 1928 1583 1988 Mittelpunkt
1603 1932 1883 1992 herumlaufenden
1913 1936 2024 1996 Kreise
2044 1933 2211 1993 erkennet.

193 2021 360 2081 Schnecke
383 2003 633 2063 ausdünstenden
667 1990 834 2050 Materie,
863 1982 946 2042 nebst
969 1979 1018 2039 der
1041 1978 1191 2038 verschie¬

198 2070 292 2130 denen
321 2058 448 2118 Anzahl
466 2050 527 2110 und
550 2043 711 2103 Stellung
740 2038 789 2098 der
812 2034 923 2094 bunten
952 2025 1079 2085 Punkte
1114 2023 1185 2083 oder

200 2114 323 2174 Flecken
356 2106 388 2166 an
421 2101 474 2161 den
502 2095 674 2155 Schalen,
702 2087 799 2147 geben
832 2082 890 2142 uns
923 2076 1096 2136 Anleitung
1123 2072 1177 2132 den

197 2159 419 2219 gureichenden
451 2148 567 2208 Grund
589 2146 620 2206 zu
647 2141 779 2201 finden,
806 2136 858 2196 von
891 2133 964 2193 aller
986 2127 1038 2187 der
1060 2123 1181 2183 schönen

198 2206 442 2266 Abwechselung
470 2199 519 2259 der
542 2193 691 2253 Farben,
720 2189 780 2249 und
803 2186 875 2246 aller
903 2181 952 2241 der
981 2176 1197 2236 Mannigfal¬

196 2261 326 2321 tigkeit,
350 2258 400 2318 die
430 2253 486 2313 wir
521 2246 555 2306 an
584 2246 635 2306 den
670 2239 840 2299 saubersten
881 2229 1108 2289 Seeschnecken
1143 2221 1188 2281 be¬

197 2309 389 2369 wundern.

260 2357 344 2417 Eben
370 2354 395 2414 so
421 2349 497 2409 kann
523 2345 591 2405 man
626 2336 676 2396 aus
702 2333 854 2393 denselben
890 2327 1042 2387 Gründen
1069 2319 1118 2379 die
1137 2314 1195 2374 Ur=

203 2407 294 2467 sache
322 2404 391 2464 aller
419 2395 549 2455 übrigen
582 2381 879 2441 Verschiedenheit,
912 2381 939 2441 so
967 2373 1037 2433 man
1070 2370 1101 2430 an
1135 2365 1183 2425 den

202 2449 388 2509 Schnecken
410 2440 643 2500 wahrnimmt,
665 2426 824 2486 angeben.
884 2426 1026 2486 Gesetzt,
1043 2416 1106 2476 eine
1133 2411 1197 2471 Art

200 2500 305 2560 dieser
328 2491 456 2551 Fische,
479 2489 506 2549 so
523 2484 618 2544 lange
646 2473 779 2533 dieselbe
808 2476 874 2536 noch
914 2475 941 2535 im
975 2464 1175 2524 Wachsthum

214 2547 314 2607 steht,
338 2540 420 2600 habe
444 2536 503 2596 eine
528 2531 645 2591 gewisse
669 2522 799 2582 Anzahl
818 2524 929 2584 Hügel
947 2521 1000 2581 auf
1025 2513 1077 2573 dem
1119 2509 1201 2569 Kör=

205 2597 286 2657 per,
308 2591 335 2651 so
368 2584 444 2644 kann
482 2581 509 2641 es
543 2577 624 2637 nicht
652 2569 782 2629 fehlen,
810 2572 881 2632 oder
908 2569 940 2629 es
968 2562 1082 2622 müssen
1121 2557 1191 2617 auch

214 2638 413 2698 gleichartige
435 2629 544 2689 Hügel
572 2625 627 2685 auf
655 2619 702 2679 der
724 2618 854 2678 Schale
875 2615 1061 2675 entstehen,
1082 2607 1191 2667 welche
1234 2602 1309 2662 oder
1330 2599 1481 2659 Sande,
1509 2604 1570 2664 mit
1599 2610 1694 2670 vielen
1730 2602 1963 2662 untermengten
1998 2602 2059 2662 sehr
2095 2606 2204 2666 kleinen

216 2694 304 2754 durch
331 2684 394 2744 eine
420 2673 631 2733 regelmäßige
657 2664 886 2724 Ausdünstung
913 2665 1008 2725 seiner
1028 2657 1130 2717 Säfte
1156 2654 1200 2714 ge¬

211 2742 309 2802 bildet
336 2727 481 2787 werden.
541 2717 646 2777 Diese
674 2709 792 2769 werden
832 2715 877 2775 sich
911 2712 1109 2772 regelmäßig
1142 2702 1207 2762 ver=

209 2790 368 2850 mehren,
397 2778 454 2838 und
483 2772 534 2832 bey
563 2768 608 2828 dem
654 2761 837 2821 Fortgange
860 2763 911 2823 der
935 2762 1060 2822 Schale
1089 2752 1203 2812 immer

206 2844 323 2904 größer
346 2831 492 2891 werden,
522 2824 595 2884 weil
619 2820 786 2880 diejenigen
818 2819 949 2879 Hügel,
979 2818 1038 2878 von
1075 2807 1199 2867 welchen

1217 1275 1257 1335 sie
1271 1273 1419 1333 formiret
1433 1270 1574 1330 werden,
1588 1265 1635 1325 bey
1662 1264 1885 1324 fortgehenden
1913 1261 2108 1321 Wachsthum
2142 1264 2196 1324 des

1210 1315 1352 1375 Thieres
1377 1315 1436 1375 von
1461 1312 1529 1372 Zeit
1550 1313 1579 1373 zu
1604 1309 1673 1369 Zeit
1683 1307 1796 1367 größer
1816 1309 1959 1369 werden.
1984 1306 2091 1366 Wenn
2117 1306 2204 1366 dero¬

1215 1357 1314 1417 wegen
1347 1357 1413 1417 eine
1436 1357 1557 1417 gewisse
1580 1354 1772 1414 Jahreszeit
1789 1354 1844 1414 ist,
1867 1354 1900 1414 da
1928 1354 1971 1414 die
1994 1352 2115 1412 Schale
2138 1357 2209 1417 auf¬

1210 1404 1300 1464 höret
1324 1404 1351 1464 zu
1375 1402 1539 1462 wachsen,
1562 1402 1618 1462 das
1642 1402 1704 1462 ist,
1727 1401 1811 1461 wenn
1846 1397 1896 1457 das
1925 1398 2022 1458 Thier
2051 1402 2203 1462 aufhöret

1212 1452 1313 1512 seinen
1348 1449 1477 1509 Körper
1500 1450 1533 1510 zu
1568 1449 1754 1509 vergrößern
1789 1446 1833 1506 (es
1868 1446 1912 1506 sey
1947 1446 2002 1506 nun
2031 1449 2194 1509 Sommer

1213 1500 1282 1560 oder
1311 1500 1467 1560 Winter,
1502 1500 1571 1560 oder
1601 1497 1711 1557 welche
1734 1494 1930 1554 Jahreszeit
1954 1494 1988 1554 es
2018 1497 2139 1557 wolle,)
2168 1500 2197 1560 so

1212 1550 1286 1610 kann
1317 1549 1347 1609 es
1385 1548 1465 1608 nicht
1491 1548 1626 1608 fehlen,
1658 1548 1731 1608 oder
1757 1545 1787 1605 es
1819 1545 1935 1605 müssen
1967 1545 2016 1605 sich
2054 1545 2189 1605 Spuren

1212 1602 1385 1662 derjenigen
1416 1602 1509 1662 Zeit,
1528 1599 1564 1659 da
1590 1599 1645 1659 das
1670 1596 1775 1656 Thier
1794 1596 1955 1656 wiederum
1999 1594 2029 1654 zu
2061 1596 2190 1656 wachsen

1216 1652 1381 1712 anfängt,
1399 1652 1458 1712 auf
1476 1651 1523 1711 der
1547 1647 1670 1707 Schale
1694 1646 1901 1706 abzeichnen,
1925 1646 1984 1706 und
2014 1646 2096 1706 wenn
2126 1648 2190 1708 man

1218 1706 1294 1766 diese
1314 1705 1384 1765 Zeit
1404 1701 1538 1761 wußte,
1558 1700 1666 1760 würde
1686 1700 1756 1760 man
1783 1697 1929 1757 vieleicht
1956 1696 1981 1756 in
2007 1697 2103 1757 vielen
2129 1699 2205 1759 Fäl¬

1224 1757 1266 1817 len
1298 1754 1346 1814 das
1378 1756 1463 1816 Alter
1488 1752 1543 1812 der
1568 1751 1690 1811 Schale
1722 1751 1789 1811 eben
1820 1748 1850 1808 so
1882 1748 2016 1808 richtig,
2041 1751 2127 1811 durch
2158 1751 2201 1811 die

1225 1802 1440 1862 Verbindung
1463 1802 1513 1862 der
1536 1802 1626 1862 neuen
1655 1799 1717 1859 mit
1734 1799 1784 1859 der
1808 1799 1881 1859 alten
1910 1799 2073 1859 Materie,
2090 1799 2208 1859 bestim¬

1219 1844 1286 1904 men
1312 1844 1461 1904 können,
1488 1846 1533 1906 als
1555 1843 1626 1903 man
1653 1845 1704 1905 das
1730 1845 1817 1905 Alter
1849 1843 1936 1903 eines
1962 1846 2111 1906 Baumes
2143 1846 2204 1906 aus

1216 1886 1266 1946 der
1289 1885 1420 1945 Anzahl
1438 1888 1534 1948 seiner
1558 1888 1757 1948 jährlichen,
1786 1891 1819 1951 um
1860 1888 1951 1948 ihren
1980 1891 2218 1951 gemeinschaft¬

1225 1969 1298 2029 Wir
1333 1969 1417 2029 sehen
1452 1971 1542 2031 also,
1565 1971 1621 2031 daß
1656 1972 1734 2032 diese
1763 1974 1865 2034 zarten
1899 1975 2017 2035 Thiere
2046 1978 2137 2038 selbst
2165 1981 2210 2041 die

1216 2017 1422 2077 Baumeister
1444 2014 1530 2074 ihrer
1552 2014 1704 2074 zierlichen
1732 2017 1948 2077 Wohnungen
1981 2020 2062 2080 sind,
2095 2024 2208 2084 welche

1221 2065 1286 2125 blos
1316 2064 1369 2124 aus
1400 2061 1452 2121 der
1476 2061 1601 2121 Ursache
1631 2060 1702 2120 eine
1726 2061 1755 2121 so
1786 2063 1999 2123 regelmäßige
2024 2069 2213 2129 Schönheit

1227 2115 1355 2175 haben,
1374 2109 1453 2169 weil
1479 2109 1515 2169 sie
1540 2110 1687 2170 gleichsam
1737 2112 1865 2172 zugleich
1903 2112 1963 2172 mit
1989 2115 2037 2175 dem
2081 2118 2184 2178 Körpe

1224 2163 1307 2223 ihres
1332 2157 1563 2217 Baumeisters
1588 2160 1745 2220 wachsen,
1769 2163 1860 2223 dessen
1891 2166 2097 2226 verschiedene
2122 2168 2212 2228 Alter

1224 2212 1285 2272 und
1310 2205 1589 2265 Abwechselungen
1620 2211 1669 2271 des
1694 2214 1830 2274 Lebens,
1855 2214 1942 2274 wenn
1967 2217 2034 2277 man
2066 2218 2127 2278 nur
2147 2220 2214 2280 eine

1229 2260 1345 2320 völlige
1374 2255 1532 2315 Kenntniß
1568 2261 1671 2321 davon
1706 2266 1823 2326 hätte,
1858 2267 1899 2327 sie
1928 2267 1982 2327 auf
2010 2269 2059 2329 die
2080 2270 2210 2330 artigste

1226 2309 1332 2369 Weise
1350 2303 1497 2363 anzeigen
1521 2312 1668 2372 würden.

1282 2356 1352 2416 Die
1369 2354 1556 2414 dauerhafte
1581 2363 1706 2423 Härte,
1730 2363 1792 2423 und
1825 2366 2020 2426 vortrefliche
2045 2366 2201 2426 Polirung

1224 2408 1320 2468 vieler
1352 2405 1575 2465 Seeschalen,
1600 2411 1691 2471 selbst
1716 2412 1770 2472 bey
1802 2414 1892 2474 denen
1929 2414 1983 2474 von
2020 2414 2068 2474 der
2100 2416 2220 2476 dünne¬

1224 2457 1283 2517 sten
1314 2454 1373 2514 und
1403 2455 1552 2515 zärtesten
1582 2461 1755 2521 Gattung,
1785 2461 1821 2521 ist
1851 2461 1946 2521 etwas
1977 2461 2220 2521 erstaunliches.

1226 2506 1293 2566 Bey
1325 2503 1368 2563 dem
1412 2503 1555 2563 Schutte
1574 2509 1623 2569 der
1649 2512 1748 2572 Abtey
1773 2509 1840 2569 St.
1860 2503 2145 2563 Edmundsbury,
2171 2509 2214 2569 die

1227 2554 1289 2614 aus
1312 2552 1397 2612 einer
1420 2550 1476 2610 Art
1499 2555 1634 2615 Steinen
1669 2559 1805 2619 gebauet
1823 2554 1901 2614 war,
1919 2552 2026 2612 welche
2049 2556 2105 2616 aus
2134 2557 2207 2617 Kies

1236 2649 1406 2709 Schalen,
1431 2653 1625 2713 vornämlich
1655 2655 1701 2715 der
1726 2649 1837 2709 kleinen
1867 2649 1972 2709 glatten
2003 2652 2220 2712 Muschelart,

1235 2697 1434 2757 bestunden,
1478 2704 1677 2764 beobachtete
1714 2698 1799 2758 Herr
1836 2697 2102 2757 Collinson;
2139 2700 2218 2760 daß,

1234 2748 1367 2808 nachdem
1415 2746 1466 2806 der
1496 2753 1595 2813 Stein
1630 2751 1688 2811 von
1718 2746 1769 2806 der
1799 2745 1874 2805 Luft
1893 2745 1962 2805 sehr
1992 2745 2055 2805 viel
2079 2745 2224 2805 gelitten,

1242 2803 1294 2863 der
1318 2799 1448 2859 Sand,
1472 2803 1609 2863 woraus
1634 2805 1656 2865 er
1680 2797 1848 2857 bestunde,
1879 2798 1939 2858 sich
1963 2796 2139 2856 aufgelöset
2163 2792 2223 2852 und

2160 2846 2236 2906 zer¬
