2479 3508
265 360 336 420 auch
365 360 409 420 ein
437 360 526 420 Kind
561 354 711 414 gezeuget
740 351 811 411 hat.
856 352 934 412 Der
963 351 1102 411 ehrliche
1125 348 1275 408 Matrose

266 407 436 467 verlangte
458 404 559 464 jedoch
586 404 638 464 bey
671 401 766 461 seiner
794 398 942 458 Ankunft
964 399 1022 459 sein
1049 398 1139 458 Weib
1167 398 1278 458 zurück

269 458 331 518 und
357 455 388 515 da
414 455 445 515 er
466 455 564 515 alles,
596 452 667 512 was
699 452 756 512 seit
782 451 880 511 seiner
912 449 1144 509 Abwesenheit
1166 446 1279 506 vorge¬

268 506 395 566 gangen
423 503 512 563 war,
540 503 785 563 großmüthigst
807 497 980 557 übersahe,
1002 497 1030 557 so
1058 497 1141 557 nahm
1192 496 1219 556 er
1242 495 1280 555 sie

275 554 338 614 mit
355 554 407 614 der
429 554 545 614 grösten
572 549 694 609 Fréude
721 551 779 611 und
806 550 996 610 Zuneigung
1023 548 1139 608 wieder
1172 547 1198 607 in
1225 544 1283 604 sei¬

270 604 313 664 ne
335 604 454 664 Arme.
503 601 589 661 Man
623 601 736 661 glaubt
758 601 823 661 auch
861 600 915 660 daß
948 598 991 658 sie
1018 598 1088 658 aufs
1121 597 1197 657 neue
1230 594 1272 654 ein

280 655 461 715 glückliches
496 650 628 710 Ehpaar
657 649 717 709 seyn
751 646 895 706 werden.

621 703 952 763 Declaration,

274 761 390 821 welche
414 760 542 820 zufolge
566 757 653 817 Ihro
678 754 817 814 Rußisch
841 754 999 814 Kayserl,
1011 754 1110 814 Maj.
1129 748 1291 808 allergnä¬

279 813 395 873 digsten
424 807 562 867 Besehls
590 806 679 866 durch
707 801 890 861 allerhöchst
907 799 1001 859 Dero
1018 801 1179 861 Ministre
1201 798 1284 858 einer

302 858 550 918 versammleten
576 852 928 912 hochwohlgebohrnen
955 851 1079 911 Ritter=
1090 849 1146 909 und
1167 849 1265 909 Land=

370 915 464 975 schaft
483 912 535 972 per
560 909 796 969 Deputationem
838 909 890 969 den
927 909 938 969 „
980 906 1074 966 Aug.
1092 906 1198 966 1764.

418 969 598 1029 vorgelesen
624 967 686 1027 und
707 966 840 1026 bekannt
862 967 1001 1027 gemacht
1017 960 1161 1020 worden.

333 1028 392 1088 Da
419 1028 511 1088 Jhro
538 1022 689 1082 Kayserl.
711 1020 852 1080 Majest.
869 1019 993 1079 sowohl
1015 1019 1079 1079 nach
1107 1013 1290 1073 allerhöchst

281 1079 374 1139 Dero
400 1073 633 1133 Freundschaft
654 1069 700 1129 für
732 1067 784 1127 die
805 1064 996 1124 Republik,
1033 1066 1079 1126 als
1111 1064 1183 1124 auch
1215 1060 1282 1120 nach

285 1127 382 1187 denen
419 1126 481 1186 mit
507 1121 636 1181 selbiger
668 1115 832 1175 habenden
869 1112 1122 1172 Verbindungen
1159 1112 1205 1172 sich
1242 1109 1288 1169 die

286 1176 457 1236 Sorgfalt
480 1170 535 1230 für
564 1169 652 1229 ihren
692 1163 885 1223 Wohlstand
920 1163 958 1223 ein
998 1163 1047 1223 für
1075 1160 1208 1220 allemal
1237 1157 1292 1217 zur

286 1225 397 1285 Regel
414 1222 552 1282 gesetzet,
575 1219 647 1279 auch
676 1216 703 1276 zu
737 1216 825 1276 Dero
854 1213 1104 1273 Zufriedenheit
1121 1206 1293 1266 wahrneh¬

285 1278 382 1338 men,
410 1274 464 1334 daß
492 1270 677 1330 allerhöchst
700 1264 895 1324 Deroselben
929 1261 1206 1321 Bemühungen,
1229 1255 1288 1315 von

285 1327 379 1387 denen
414 1324 468 1384 auf
488 1321 538 1381 dem
573 1313 1003 1373 Convocationsreichstage
1028 1312 1236 1372 versammlet
1256 1309 1300 1369 ge¬

292 1372 429 1432 wesenen
459 1369 709 1429 Reichsständen
749 1366 793 1426 als
823 1363 915 1423 solche
941 1363 1122 1423 anerkannt
1152 1360 1274 1420 worden

285 1422 396 1482 welche
424 1419 471 1479 die
488 1416 775 1476 Aufrechthaltung
802 1413 887 1473 ihrer
909 1410 1032 1470 Gesetze
1053 1410 1111 1470 und
1138 1410 1181 1470 die
1203 1404 1298 1464 Frey¬

290 1473 359 1533 heit
382 1470 430 1530 des
457 1470 554 1530 Adels
576 1467 765 1527 bestätiget,
793 1463 852 1523 und
879 1461 992 1521 selbige
1020 1461 1068 1521 für
1101 1460 1144 1520 die
1177 1458 1295 1518 unseli¬

291 1523 346 1583 gen
369 1519 485 1579 Bande
508 1515 691 1575 geschüͤtzet,
708 1514 735 1574 so
763 1512 807 1572 die
824 1512 1046 1572 Herrschsucht
1063 1509 1185 1569 selbigen
1214 1506 1302 1566 zube¬

291 1572 382 1632 reitet
404 1569 539 1629 gehabt;
567 1566 593 1626 so
621 1563 718 1623 haben
746 1560 930 1620 allerhöchst
952 1557 1119 1617 Dieselben
1152 1557 1287 1617 dennoch

294 1619 354 1679 aus
377 1619 498 1679 denen,
521 1608 631 1668 Ihren
659 1610 836 1670 Ministres
864 1608 897 1668 zu
925 1608 1096 1668 Warschau
1125 1607 1301 1667 eingehän¬

301 1668 398 1728 digten
430 1662 699 1722 gleichlautenden
726 1655 958 1715 Promemoire
990 1655 1041 1715 des
1068 1655 1196 1715 Fürsten
1223 1651 1305 1711 Pri¬

296 1712 418 1772 matis,
450 1709 509 1769 und
546 1703 600 1763 des
642 1700 847 1760 Woywoden
888 1697 947 1757 von
984 1697 1120 1757 Reußen
1161 1696 1288 1756 Fürsten

297 1753 537 1813 Czartoryski,
574 1747 620 1807 als
656 1742 856 1802 Marschalls
893 1741 943 1801 der
966 1738 1311 1798 Generalconsödera¬

299 1804 367 1864 tion
404 1799 488 1859 nicht
515 1793 599 1853 ohne
626 1790 799 1850 Leidwesen
831 1790 994 1850 gesehen,
1021 1786 1073 1846 daß
1105 1786 1136 1846 es
1168 1786 1194 1846 in
1221 1784 1305 1844 Cur¬

302 1854 367 1914 land
403 1848 522 1908 annoch
559 1846 749 1906 dergleichen
785 1840 976 1900 frevelhafte
1006 1837 1100 1897 Leute
1125 1837 1232 1897 gåbe,
1256 1835 1303 1895 die

297 1903 318 1963 in
346 1903 433 1963 ihren
461 1900 488 1960 im
526 1897 668 1957 Publico
696 1894 745 1954 zum
789 1894 957 1954 Vorschein
991 1891 1198 1951 kommenden
1231 1891 1307 1951 boß¬

303 1955 399 2015 haften
434 1949 627 2009 Schriften,
657 1945 701 2005 die
725 1945 947 2005 gesetzmäßige
970 1942 1113 2002 Gewalt
1130 1942 1187 2002 und
1216 1941 1301 2001 Ehre

303 2005 356 2065 der
378 2002 540 2062 Republik
562 1996 740 2056 offenbarer
762 1993 869 2053 Weise
886 1990 1113 2050 anzugreifen,
1146 1992 1194 2052 den
1221 1990 1302 2050 Adel

303 2052 403 2112 wider
424 2049 474 2109 den
505 2049 626 2109 Herzog
652 2043 742 2103 ihren
768 2043 874 2103 Herrn
900 2040 1158 2100 aufzuwiegeln,
1173 2037 1233 2097 und
1259 2037 1304 2097 die

302 2101 487 2161 innerlichen
525 2096 674 2156 Unruhen
701 2091 727 2151 in
753 2091 840 2151 ihrem
882 2091 1089 2151 Vaterlande
1116 2088 1312 2148 auszubrei¬

296 2153 345 2213 ten
372 2151 421 2211 sich
444 2145 634 2205 erdreisten.
684 2140 830 2200 Jemehr
853 2142 896 2202 ein
924 2139 1114 2199 dergleichen
1137 2136 1300 2196 Betragen

306 2200 333 2260 an
366 2200 425 2260 und
448 2197 501 2257 für
524 2193 572 2253 sich
600 2192 691 2252 selbst
708 2190 925 2250 nachtheilig,
953 2190 1115 2250 verwegen
1154 2187 1213 2247 und
1246 2184 1305 2244 un¬

307 2243 594 2303 verantwortlich,
622 2235 704 2295 desto
733 2234 871 2294 williger
899 2237 998 2297 haben
1032 2237 1125 2297 Ihro
1154 2234 1308 2294 Kayserl.

312 2297 411 2357 Maj.
428 2291 500 2351 nach
528 2286 616 2346 ihrem
667 2283 755 2343 ersten
795 2286 1077 2346 unabweichlichen
1111 2283 1310 2343 Grundsatze

305 2345 331 2405 in
365 2340 419 2400 das
446 2336 555 2396 billige
577 2330 800 2390 Anverlangen
828 2333 876 2393 des
904 2336 1029 2396 Fürsten
1057 2333 1225 2393 Primatis
1248 2330 1307 2390 und

312 2395 361 2455 des
390 2388 494 2448 Herrn
523 2381 672 2441 General
695 2384 1160 2444 Conföderationsmarschalls
1188 2381 1215 2441 zu
1243 2381 1315 2441 con¬

312 2440 504 2500 descendiren
533 2431 668 2491 geruhen
703 2429 832 2489 wollen,
861 2433 900 2493 um
940 2435 1065 2495 sowohl
1094 2435 1144 2495 den
1179 2432 1302 2492 Herzog

311 2494 364 2554 von
395 2490 539 2550 Curland
570 2481 642 2541 beym
685 2479 828 2539 Mangel
847 2479 907 2539 und
944 2482 992 2542 der
1017 2482 1221 2542 Entfernung
1258 2479 1305 2539 der

319 2542 464 2602 Truppen
493 2538 545 2598 der
568 2529 736 2589 Republik
761 2527 847 2587 durch
871 2529 934 2589 eine
958 2533 1178 2593 hinlängliche
1202 2527 1317 2587 Unter¬

316 2593 448 2653 stützung
478 2587 501 2647 in
536 2583 587 2643 den
623 2578 738 2638 Stand
768 2575 802 2635 zu
837 2576 952 2636 setzen,
982 2583 1045 2643 alle
1063 2578 1305 2638 Unordnungen

311 2640 542 2700 auszurotten,
560 2632 618 2692 und
641 2629 693 2689 die
717 2623 913 2683 Schuldigen
943 2629 995 2689 zur
1019 2629 1186 2689 gehörigen
1210 2629 1319 2689 Stra=

317 2692 341 2752 fe
360 2691 390 2751 zu
421 2687 544 2747 ziehen,
569 2682 618 2742 als
643 2680 716 2740 auch
741 2670 926 2730 allerhöchst
945 2676 1117 2736 Deroseits
1148 2677 1191 2737 die
1216 2676 1314 2736 ernst¬

318 2739 434 2799 lichsten
471 2731 686 2791 Maaßregeln
718 2718 957 2778 anzuwenden,
976 2724 1013 2784 um
1056 2727 1099 2787 die
1124 2727 1320 2787 eigenmäch¬

316 2790 355 2850 tig
390 2788 417 2848 zu
446 2781 547 2841 Werk
577 2781 717 2841 gehende
751 2775 779 2835 im
820 2772 904 2832 Zaum
955 2771 983 2831 zu
1017 2776 1147 2836 halten,
1176 2777 1232 2837 alle
1255 2774 1322 2834 Un¬

317 2839 411 2899 ruhen
443 2835 467 2895 zu
500 2829 681 2889 dämpfen,
701 2824 763 2884 und
789 2823 814 2883 in
853 2820 934 2880 einem
985 2821 1010 2881 so
1036 2826 1117 2886 nahe
1149 2826 1312 2886 gelegenen

320 2889 420 2949 Lande
446 2884 489 2944 die
522 2876 779 2936 vollkommenste
799 2872 899 2932 Ruhe
925 2870 980 2930 und
1006 2874 1175 2934 schuldigen
1202 2876 1333 2936 Gehor=

1318 348 1362 408 sam
1403 348 1493 408 gegen
1528 348 1578 408 den
1607 348 1732 408 Herzog
1755 351 1873 411 wieder
1897 348 2118 408 herzustellen.
2175 350 2225 410 In
2254 351 2322 411 Ge¬

1316 396 1396 456 folge
1419 395 1510 455 dessen
1543 397 1673 457 geruhen
1707 398 1793 458 Ihro
1821 399 1967 459 Majest.
1983 397 2069 457 durch
2098 395 2178 455 diese
2201 396 2325 456 Decla¬

1312 446 1415 506 xation
1441 446 1689 506 ausdrücklichst
1711 447 1772 507 und
1794 449 1969 509 feyerlichst
1991 448 2016 508 zu
2042 443 2192 503 erkennen
2224 446 2249 506 zu
2276 446 2321 506 ge¬

1316 494 1393 554 ben:
1443 493 1487 553 1)
1515 494 1587 554 Dem
1632 497 1758 557 Fürsten
1787 497 1953 557 Primas,
1987 499 2042 559 dem
2087 494 2186 554 Herrn
2220 494 2319 554 Mar¬

1318 542 1410 602 schall
1436 542 1487 602 der
1519 545 1904 605 Generalconföderation
1946 548 2002 608 und
2039 546 2090 606 der
2116 542 2306 602 gesammten

1322 592 1509 652 Republik,
1532 595 1622 655 daß,
1646 592 1680 652 da
1709 595 1799 655 Ihro
1823 598 1975 658 Kayserl.
1994 595 2090 655 Maj.
2113 595 2152 655 ein
2182 594 2232 654 für
2250 591 2328 651 alle¬

1318 640 1384 700 mal
1406 640 1498 700 Dero
1525 643 1732 703 Augenmerk
1764 643 1820 703 auf
1847 644 1934 704 deren
1961 643 2183 703 Wohlstand,
2210 642 2328 702 haupt¬

1322 688 1443 748 sächlich
1471 688 1542 748 aber
1565 690 1620 750 auf
1642 691 1686 751 die
1709 692 1891 752 Erhaltung
1925 694 1974 754 der
1996 691 2184 751 schätzbaren
2217 691 2316 751 Ruhe

1320 739 1568 799 untereinander
1595 739 1625 799 zu
1667 742 1775 802 richten
1818 744 1978 804 geruhet,
2009 742 2035 802 so
2077 742 2206 802 würden
2248 739 2314 799 Sie

1318 789 1392 849 auch
1419 787 1636 847 gegenwärtig
1669 789 1721 849 sich
1754 790 1838 850 nicht
1866 792 2056 852 entziehen,
2084 790 2136 850 dem
2174 790 2322 850 Herzoge

1322 835 1378 895 von
1405 837 1569 897 Curland,
1596 837 1642 897 die
1663 837 1719 897 von
1756 840 1807 900 der
1828 840 1993 900 Republik
2019 840 2194 900 requirirte
2216 840 2318 900 Hülfe

1326 888 1384 948 und
1416 882 1537 942 Schutz
1564 885 1759 945 angedeihen
1796 888 1827 948 zu
1860 891 1975 951 laßen,
2002 889 2038 949 um
2087 888 2218 948 dadurch
2250 888 2318 948 ihre

1323 936 1544 996 gesetzmäßige
1572 936 1783 996 Constitution
1815 936 1847 996 en
1874 936 1984 996 faveur
2006 936 2101 996 dieses
2122 939 2259 999 Prinzen
2291 937 2317 997 zu

1327 984 1516 1044 bestätigen.
1571 984 1619 1044 2)
1642 981 1717 1041 Sr.
1745 984 1972 1044 Durchlaucht
1994 987 2085 1047 selbst
2113 987 2172 1047 und
2200 987 2308 1047 Ihrem

1327 1029 1462 1089 Hause,
1490 1031 1544 1091 daß
1572 1028 1706 1088 nämlich
1735 1027 1826 1087 Ihro
1859 1029 2016 1089 Kayserl.
2044 1033 2141 1093 Maj.
2164 1034 2250 1094 nicht
2277 1034 2336 1094 an¬

1327 1076 1396 1136 ders
1426 1076 1470 1136 als
1495 1076 1559 1136 mit
1580 1074 1846 1134 Mißvergnugen
1876 1077 2083 1137 vernommen
2114 1078 2247 1138 hätten,
2272 1083 2326 1143 daß

1328 1124 1352 1184 in
1383 1124 1523 1184 Curland
1549 1124 1594 1184 die
1615 1124 1796 1184 bisherigen
1822 1124 2023 1184 Frechheiten
2049 1126 2235 1186 immerfort
2255 1127 2330 1187 dau¬

1331 1175 1440 1235 reten,
1463 1173 1524 1233 und
1552 1172 1712 1232 allerhand
1741 1175 1890 1235 boßhafte
1918 1176 1979 1236 und
2013 1175 2173 1235 gehässige
2202 1175 2334 1235 Schrif¬

1322 1222 1367 1282 ten
1396 1225 1418 1285 im
1459 1223 1601 1283 Publico
1630 1225 1869 1285 herumliefen,
1904 1226 1960 1286 daß
1995 1228 2092 1288 Ihro
2127 1225 2228 1285 Maj.
2252 1225 2319 1285 eben

1325 1279 1353 1339 so
1376 1275 1444 1335 sehr
1467 1276 1541 1336 nach
1564 1273 1660 1333 Dero
1689 1273 1740 1333 dem
1780 1276 1928 1336 Herzoge
1951 1279 1985 1339 zu
2014 1279 2190 1339 tragenden
2219 1275 2337 1335 Wohl¬

1330 1324 1466 1384 wollen,
1488 1327 1536 1387 als
1558 1327 1628 1387 nach
1656 1324 1747 1384 Dero
1776 1327 2008 1387 Freundschaft
2025 1327 2074 1387 für
2102 1330 2144 1390 die
2172 1326 2334 1386 Republik

1327 1378 1385 1438 auf
1407 1378 1459 1438 das
1486 1378 1650 1438 feyerliche
1677 1377 1905 1437 Anverlangen
1932 1378 2085 1438 derselben
2113 1375 2213 1435 wegen
2240 1375 2335 1435 Bän¬

1330 1428 1447 1488 digung
1480 1427 1672 1487 dergleichen
1699 1425 1832 1485 Frevler
1865 1425 1896 1485 um
1950 1425 1976 1485 so
2004 1425 2169 1485 geneigter
2196 1422 2340 1482 willfah¬

1330 1476 1414 1536 ren,
1442 1476 1483 1536 als
1516 1475 1568 1535 das
1606 1474 1690 1534 selbst
1712 1476 1818 1536 eigene
1840 1476 2020 1536 Interresse
2042 1474 2137 1534 Dero
2159 1472 2275 1532 Reichs
2302 1470 2333 1530 es

1336 1526 1395 1586 mit
1423 1524 1471 1584 sich
1515 1524 1666 1584 bringet,
1688 1524 1807 1584 darauf
1841 1523 1867 1583 zu
1906 1524 2024 1584 sehen,
2052 1524 2105 1584 daß
2139 1524 2235 1584 Ruhe
2269 1521 2327 1581 und

1333 1575 1495 1635 Ordnung
1525 1575 1549 1635 in
1579 1572 1662 1632 einem
1702 1572 1726 1632 so
1746 1575 1829 1635 nahe
1845 1572 2070 1632 benachbarten
2100 1572 2203 1632 Lande
2223 1570 2340 1630 unver¬

1335 1622 1450 1682 andert
1471 1619 1606 1679 erhalten
1632 1619 1752 1679 werde.
1803 1620 1848 1680 3)
1874 1619 1944 1679 Der
1975 1621 2166 1681 gesammten
2197 1619 2337 1679 Curlän¬

1335 1667 1447 1727 dischen
1487 1666 1614 1726 Ritter=
1639 1664 1697 1724 und
1723 1663 1913 1723 Landschaft
1933 1667 2143 1727 überhaupt,
2169 1664 2335 1724 insbeson¬

1335 1709 1388 1769 dre
1412 1709 1484 1769 aber
1512 1706 1607 1766 denen
1640 1706 1949 1766 widriggesinnten,
1977 1708 2031 1768 daß
2063 1709 2158 1769 Ihro
2191 1709 2345 1769 Kayserl.

1345 1754 1440 1814 Maj.
1460 1754 1506 1814 sich
1536 1751 1591 1811 auf
1607 1751 1656 1811 die
1678 1751 1914 1811 ausdrückliche
1935 1754 2136 1814 Requisition
2167 1756 2217 1816 der
2233 1754 2348 1814 Repu¬

1342 1805 1405 1865 blik
1429 1802 1550 1862 Pohlen
1580 1803 1776 1863 gründeten,
1806 1804 1864 1864 und
1893 1805 1985 1865 diesem
2027 1806 2055 1866 zu
2084 1808 2182 1868 Folge
2206 1808 2263 1868 alle
2287 1806 2350 1866 die¬

1343 1858 1464 1918 jenigen
1500 1858 1551 1918 für
1575 1857 1696 1917 Feinde
1726 1857 1778 1917 des
1802 1858 2021 1918 Vaterlandes
2057 1861 2190 1921 halten,
2214 1859 2335 1919 folglich

1339 1907 1404 1967 mit
1426 1909 1523 1969 ihnen
1556 1907 1627 1967 nach
1665 1906 1740 1966 aller
1763 1909 1915 1969 Strenge
1948 1909 2110 1969 verfahren
2138 1909 2224 1969 laßen
2263 1907 2349 1967 wür¬

1341 1961 1423 2021 den,
1449 1957 1584 2017 daserne
1605 1957 1641 2017 sie
1662 1957 1719 2017 von
1750 1957 1796 2017 dem
1838 1957 1983 2017 Herzoge
2009 1959 2056 2019 für
2082 1958 2222 2018 Urheber
2254 1957 2341 2017 derer

1341 2008 1443 2068 wider
1465 2009 1536 2069 Ihn
1563 2005 1799 2065 ausgestreuten
1830 2005 2005 2065 Pasquills
2031 2008 2165 2068 erkannt
2191 2005 2345 2065 würden,

1343 2055 1431 2115 indem
1468 2055 1503 2115 sie
1525 2055 1571 2115 sich
1603 2055 1669 2115 eben
1702 2055 1831 2115 dadurch
1858 2055 1904 2115 als
1925 2055 2086 2115 wirkliche
2113 2055 2252 2115 Feinde,
2279 2051 2341 2111 und

1338 2103 1422 2163 ihrer
1449 2103 1581 2163 obersten
1608 2101 1757 2161 Gewalt,
1774 2103 1906 2163 nämlich
1933 2104 1980 2164 der
2002 2106 2060 2166 mit
2082 2104 2171 2164 Ihro
2193 2103 2347 2163 Kayserl.

1346 2154 1446 2214 Maj.
1463 2154 1483 2214 in
1521 2151 1600 2211 einem
1648 2151 1954 2211 freundschaftlichen
1987 2156 2171 2216 Bündnisse
2193 2154 2335 2214 lebenden

1351 2202 1513 2262 Republik
1533 2196 1769 2256 widerspenstig
1799 2202 1981 2262 bezeigten.

1395 2261 1480 2321 St.
1500 2258 1802 2318 Petersburg,

1356 2324 1402 2384 den
1451 2326 1489 2386 5,
1522 2315 1678 2375 August,
1719 2321 1859 2381 1764.

1358 2441 1687 2501 Wechsel-Cours
1711 2436 1725 2496 &
1786 2439 1942 2499 Species
1967 2437 2003 2497 d.
2026 2437 2063 2497 6.
2086 2440 2206 2500 Sept.
2222 2447 2348 2507 1764.

1941 2488 1985 2548 71
2006 2491 2095 2551 Tage

1355 2497 1535 2557 Amsterdam
1577 2491 1617 2551 41
1641 2490 1722 2550 Tage
1746 2494 1803 2554 308
1822 2497 1873 2557 gr.

1893 2533 1998 2593 6W.

1360 2548 1526 2608 Hamburg
1561 2540 1567 2600 3
1601 2541 1655 2601 W.
1669 2545 1729 2605 134
1756 2548 1802 2608 gr.

1841 2590 1984 2650 Dantzig
2022 2593 2059 2653 21
2087 2593 2139 2653 pr.
2156 2593 2236 2653 Cto.

1357 2597 1468 2657 Berlin

1917 2638 2043 2698 Alberts
2060 2641 2153 2701 Taler
2176 2643 2230 2703 130
2259 2643 2308 2703 gr.

1360 2643 1500 2703 Ducaten
1524 2639 1597 2699 neue
1621 2638 1628 2698 9
1651 2641 1687 2701 fl.
1696 2642 1702 2702 7
1725 2645 1776 2705 gr.

1833 2685 1890 2745 Alt
1903 2688 2042 2748 Polnisch
2068 2691 2138 2751 Geld
2164 2694 2201 2754 13
2221 2693 2271 2753 pr.
2285 2688 2360 2748 Cto.

1357 2694 1468 2754 Rubel
1483 2692 1545 2752 114
1574 2694 1629 2754 gr.

1358 2803 1451 2863 Diese
1468 2796 1606 2856 Gelehrte
1623 2796 1678 2856 und
1701 2798 1861 2858 Politische
1884 2799 2005 2859 Zeitung
2033 2796 2105 2856 wird
2127 2793 2176 2853 des
2199 2793 2354 2853 Montags

1457 2840 1518 2900 und
1548 2842 1690 2902 Freytags
1720 2841 1736 2901 in
1765 2841 1810 2901 dem
1851 2841 2039 2901 Kanterschen
2074 2835 2251 2895 Buchladen

1753 2877 1970 2937 ausgegeben.
