2479 3508
217 351 276 411 sche
301 354 379 414 recht
404 350 579 410 brauchbar
604 346 755 406 werden,
780 348 809 408 so
834 348 966 408 gehörte
992 348 1064 408 dazu
1089 347 1130 407 ein
1155 350 1233 410 phi¬

211 399 423 459 losophischer
445 398 679 458 Commentar,
701 395 854 455 darinnen
886 395 982 455 vieles
1004 396 1163 456 Schwere
1195 397 1221 457 in

217 449 270 509 dem
309 447 466 507 Gedichte
488 449 672 509 erläutert,
694 446 830 506 dasselbe
852 444 895 504 wo
923 445 949 505 es
982 446 1090 506 nöthig
1129 446 1231 506 wäre,

214 497 405 557 berichtigt,
432 498 495 558 mit
517 497 666 557 Zusätzen
693 497 878 557 erweitert,
906 497 964 557 und
991 497 1043 557 hin
1071 497 1128 557 und
1156 497 1235 557 wie¬

221 548 272 608 der
298 545 385 605 durch
406 548 653 608 Anmerkungen
679 548 735 608 aus
767 545 818 605 der
834 548 1013 608 Geschichte
1030 545 1075 605 der
1096 545 1235 605 Wissen¬

221 595 358 655 schaften
385 595 596 655 anmuthiger
617 595 764 655 gemacht
781 594 908 654 würde.
966 595 1039 655 Hr.
1056 595 1229 655 Professor

221 643 288 703 Abt
324 643 355 703 in
402 646 541 706 Rinteln
589 645 702 705 würde
744 643 837 703 sich,
873 643 987 703 unsers
1034 643 1235 703 Erachtens,

216 694 304 754 einer
336 694 450 754 solchen
487 695 606 755 Arbeit
633 693 695 753 mit
722 694 820 754 vielem
867 693 992 753 Glücke
1019 691 1227 751 unterziehen

219 742 374 802 können;
405 742 444 802 ein
485 744 626 804 Mann,
651 742 706 802 der
738 741 823 801 nicht
848 742 938 802 nur,
964 742 1019 802 wie
1050 742 1109 802 wir
1140 739 1235 799 über¬

217 792 313 852 zeugt
336 792 421 852 sind,
450 792 495 852 die
519 791 546 851 zu
582 790 678 850 diesem
718 789 894 849 Geschäfte
924 792 1072 852 nöthigen
1101 790 1236 850 Einsich=

211 840 258 900 ten
291 840 418 900 besitzt,
445 841 572 901 sondern
605 840 673 900 auch
706 840 791 900 einen
818 842 961 902 gewissen
988 843 1142 903 Vorzug,
1169 840 1222 900 den

219 888 271 948 ihm
315 891 383 951 noch
411 891 564 951 viemand
592 891 814 951 abgewönnen
847 890 926 950 hat,
948 891 1144 951 behauptet,
1166 888 1240 948 phi¬

216 939 410 999 losophische
433 939 644 999 Wahrheiten
674 939 702 999 in
731 939 799 999 eine
818 939 931 999 reine,
955 940 1138 1000 fließende,
1167 939 1241 999 faß¬

216 987 292 1047 liche
313 987 374 1047 und
400 987 599 1047 anmuthige
625 987 778 1047 Sprache
804 987 829 1047 zu
860 987 998 1047 kleiden.

274 1032 348 1092 Von
380 1033 427 1093 der
449 1034 722 1094 Geschicklichkeit
744 1033 791 1093 des
823 1031 918 1091 Hrn.
934 1033 1145 1093 Uebersetzers
1177 1034 1235 1094 hat

216 1082 288 1142 man
315 1082 398 1142 zwar
419 1082 539 1142 bereits
560 1082 586 1142 in
617 1082 664 1142 der
690 1079 903 1139 angeführten
935 1080 1044 1140 Stelle
1071 1082 1112 1142 ein
1133 1082 1237 1142 Zeug¬

221 1133 277 1193 niß
299 1131 437 1191 gelesen.
490 1130 567 1190 Wir
589 1130 707 1190 müssen
739 1130 826 1190 ihrer
857 1129 930 1189 aber
962 1130 1028 1190 noch
1060 1130 1240 1190 ausdrück¬

222 1184 280 1244 lich
303 1183 487 1243 gedenken;
514 1181 589 1241 denn
623 1181 649 1241 es
677 1178 806 1238 gehörte
840 1181 1028 1241 ungemeine
1057 1178 1240 1238 Mühsam¬

224 1231 309 1291 keit,
345 1232 535 1292 Sorgfalt,
565 1231 738 1291 Kenntniß
779 1231 830 1291 der
865 1232 1027 1292 deutschen
1069 1228 1218 1288 Sprache

224 1282 365 1342 Einsicht
391 1282 414 1342 in
440 1280 557 1340 höhere
576 1282 816 1342 Wahrheiten,
842 1282 902 1342 und
928 1282 1101 1342 Fähigkeit
1120 1279 1144 1339 in
1175 1279 1224 1339 den

218 1330 342 1390 schönen
372 1330 634 1390 Wissenschaften
669 1333 776 1393 dazu,
806 1333 868 1393 eine
903 1333 1000 1393 solche
1023 1333 1171 1393 Urkunde
1200 1330 1228 1390 so

222 1381 363 1441 glücklich
398 1382 658 1442 auszudrücken.
715 1381 760 1441 Er
788 1384 941 1444 übersetzt
964 1384 1032 1444 eben
1066 1384 1094 1444 so
1123 1381 1229 1441 schön,

213 1428 265 1488 als
289 1428 440 1488 Ebert.
459 1431 511 1491 Ob
541 1430 599 1490 wir
623 1431 710 1491 wohl
728 1431 816 1491 nicht
834 1431 880 1491 die
904 1434 1126 1494 Möglichkeit
1144 1431 1231 1491 läug¬

217 1476 270 1536 nen
304 1479 439 1539 wollen,
461 1480 564 1540 kleine
586 1482 699 1542 Fehler
722 1482 944 1542 anzutreffen,
966 1482 993 1542 so
1015 1482 1123 1542 dörfen
1156 1482 1221 1542 doch

222 1524 302 1584 diese
330 1527 422 1587 gegen
460 1527 503 1587 die
525 1527 639 1587 Arbeit
666 1530 693 1590 im
737 1530 877 1590 Ganzen
911 1530 997 1590 nicht
1019 1530 1045 1590 in
1074 1531 1230 1591 Betrach¬

206 1578 288 1638 tung
315 1578 481 1638 kommen.
528 1578 616 1638 Wer
638 1581 741 1641 weis,
768 1578 829 1638 wie
851 1581 934 1641 viele
950 1578 1220 1638 Unrichtigkeiten

211 1623 283 1683 noch
310 1625 335 1685 in
367 1625 418 1685 der
445 1625 632 1685 ebertischen
659 1625 886 1685 Uebersetzung
919 1628 970 1688 der
992 1628 1230 1688 Nachtgedan¬

203 1670 251 1730 ken
286 1673 460 1733 verborgen
490 1671 620 1731 liegen,
655 1673 703 1733 die
733 1673 800 1733 man
840 1673 897 1733 nur
927 1673 1014 1733 nicht
1039 1673 1228 1733 aufgesucht

219 1718 302 1778 hat,
331 1718 386 1778 und
414 1718 460 1778 die
480 1718 549 1778 ihre
568 1715 801 1775 Verschonung
829 1716 880 1776 der
903 1717 1029 1777 gütigen
1062 1715 1233 1775 Bequem¬

210 1761 336 1821 lichkeit
355 1760 406 1820 der
430 1760 646 1820 Recensenten
675 1758 876 1818 verdanken.
943 1759 1064 1819 Diesen
1098 1757 1219 1817 Herren

213 1808 299 1868 wird
329 1808 363 1868 es
393 1811 520 1871 freylich
555 1811 711 1871 leichter,
758 1808 798 1868 ein
833 1808 1128 1868 ausschweifendes
1164 1808 1221 1868 Lob

216 1858 505 1918 hinzuschreiben,
541 1861 593 1921 als
628 1861 668 1921 ein
703 1861 854 1921 schweres
883 1861 1045 1921 Original
1070 1860 1231 1920 aufmerk¬

218 1909 265 1969 sam
333 1912 601 1972 durchzugehen.

685 1912 746 1972 Ein
797 1913 913 1973 solches
970 1915 1215 1975 übertriebenes

217 1960 277 2020 Lob
300 1965 405 2025 findet
428 1966 505 2026 sich,
533 1966 588 2026 zum
633 1963 815 2023 Exempel,
838 1965 865 2025 im
910 1963 992 2023 1sten
1026 1965 1136 2025 Stück
1164 1963 1219 2023 des

207 2014 301 2074 10ten
341 2014 486 2074 Bandes
520 2014 570 2074 der
604 2014 804 2074 Bibliothek
839 2014 888 2074 der
917 2012 1045 2072 schönen
1079 2013 1224 2073 Wissen¬

217 2064 381 2124 schaften,
404 2064 460 2124 S.
489 2064 574 2124 270.
603 2063 693 2123 271.
716 2063 749 2123 da
784 2064 835 2124 der
858 2061 1044 2121 Recensent
1068 2061 1130 2121 alle
1159 2061 1226 2121 Tu=

207 2115 326 2175 genden
371 2112 420 2172 der
448 2109 677 2169 Uebersetzung
716 2112 770 2172 der
798 2112 1071 2172 Nachtgedanken
1110 2109 1229 2169 herpo¬

217 2163 335 2223 saunt,
362 2163 421 2223 und
448 2160 496 2220 sich
518 2160 588 2220 doch
615 2160 674 2220 gar
702 2160 788 2220 nicht
810 2160 858 2220 die
880 2162 993 2222 Mühe
1020 2160 1208 2220 genommen

207 2210 285 2270 hat,
313 2211 352 2271 sie
370 2211 469 2271 genau
498 2209 525 2269 zu
554 2208 789 2268 untersuchen;
823 2209 912 2269 sonst
935 2211 1052 2271 könnte
1081 2211 1114 2271 er
1142 2208 1220 2268 nicht

206 2258 254 2318 die
281 2255 455 2315 Beyspiele
483 2253 535 2313 der
568 2255 753 2315 schielenden
791 2255 854 2315 Art
876 2255 907 2315 zu
939 2261 1146 2321 übersetzen,
1173 2258 1220 2318 die

208 2306 281 2366 noch
310 2306 468 2366 darinnen
497 2300 582 2360 sind,
605 2303 776 2363 übersehen
805 2307 923 2367 haben.
975 2309 1094 2369 Kostet
1111 2309 1134 2369 in
1168 2309 1219 2369 der

213 2354 427 2414 Kanterschen
457 2351 724 2411 Buchhandlung
755 2357 897 2417 allhier,
921 2360 980 2420 wie
1004 2362 1075 2422 auch
1111 2357 1140 2417 in
1171 2354 1229 2414 El¬

215 2408 284 2468 bing
316 2406 373 2466 und
406 2402 520 2462 Mitau
546 2399 558 2459 2
585 2400 628 2460 fl.

554 2449 875 2509 Kopenhagen.

214 2546 343 2606 "Joh.
362 2557 522 2617 Heinr.
535 2549 769 2609 Schlegel,
795 2548 960 2608 Professor
986 2554 1035 2614 bey
1066 2554 1115 2614 der
1140 2554 1220 2614 Uni¬

212 2602 370 2662 "versität
388 2604 415 2664 zu
450 2602 698 2662 Copenhagen,
734 2598 789 2658 und
824 2599 987 2659 Secretar
1016 2605 1038 2665 in
1073 2605 1123 2665 der
1152 2602 1219 2662 Kö¬

208 2652 324 2712 "nigl.
331 2652 508 2712 Dänischen
534 2652 730 2712 Kanzelley.
756 2646 810 2706 gr.
823 2647 902 2707 8vo,
922 2651 1031 2711 1764,
1057 2654 1068 2714 1
1094 2652 1216 2712 Alpha=

201 2688 278 2748 "bet
306 2700 366 2760 und
394 2700 410 2760 1
439 2699 554 2759 viertel
582 2700 725 2760 Bogen.

809 2691 888 2751 Des
917 2698 1014 2758 Hrn.
1038 2703 1209 2763 Professor

197 2751 436 2811 Schlegels
466 2748 629 2808 Sorgfalt
647 2748 676 2808 im
712 2742 910 2802 Uebersetzen
940 2746 975 2806 ist
999 2750 1115 2810 bereits
1145 2752 1203 2812 aus

196 2801 321 2861 einigen
350 2799 601 2859 Trauerspielen
636 2796 876 2856 Thomsons
911 2796 1071 2856 bekannt,
1094 2802 1208 2862 welche

200 2849 232 2909 er
259 2849 307 2909 der
336 2849 492 2909 gelehrten
520 2849 611 2909 Welt
633 2849 795 2909 vorgelegt
817 2842 892 2902 hat.
942 2841 990 2901 Er
1007 2847 1136 2907 wendet
1153 2849 1212 2909 auf

196 2900 247 2960 den
277 2900 427 2960 Versbau
457 2900 659 2960 vorzügliche
683 2897 823 2957 Arbeit;
846 2894 910 2954 und
939 2894 1014 2954 diese
1038 2897 1072 2957 ist
1090 2900 1118 2960 in
1154 2900 1200 2960 der

1267 345 1367 405 That
1386 347 1524 407 nöthig,
1556 345 1631 405 weil
1650 347 1675 407 er
1701 351 1850 411 reimfrey
1876 348 2027 408 schreibt.
2084 348 2171 408 Was
2204 353 2297 413 übri¬

1267 396 1353 456 gens
1381 394 1434 454 das
1462 395 1699 455 Sylbenmaaß
1726 401 1861 461 betrift,
1883 401 1980 461 dessen
2018 398 2045 458 er
2072 395 2120 455 sich
2148 398 2293 458 bedient,

1269 443 1333 503 und
1365 443 1423 503 von
1456 443 1508 503 dem
1552 444 1578 504 er
1605 446 1663 506 uns
1690 447 1716 507 im
1760 452 1972 512 Vorberichte
1994 449 2143 509 erzählt,
2171 447 2228 507 daß
2261 449 2292 509 es

1275 491 1303 551 in
1332 492 1551 552 Deutschland
1580 496 1698 556 immer
1727 499 1816 559 mehr
1839 500 1985 560 Beyfall
2003 502 2115 562 finde,
2144 500 2171 560 so
2195 497 2290 557 zwei¬

1270 543 1333 603 feln
1368 542 1431 602 wir
1461 542 1518 602 gar
1548 545 1646 605 sehr,
1687 548 1744 608 daß
1774 549 1808 609 es
1838 551 1889 611 sich
1919 551 2138 611 durchgängig
2174 545 2289 605 beliebt

1270 591 1397 651 machen
1431 589 1574 649 möchte.
1619 592 1695 652 Ihm
1746 595 1861 655 selbst,
1884 597 1917 657 da
1950 599 1983 659 er
2011 599 2276 659 Uebersetzungen

1270 639 1403 699 liefert,
1426 640 1537 700 wollen
1576 641 1637 701 wir
1671 644 1721 704 die
1744 647 1921 707 Freyheit,
1944 649 2083 709 reimlos
2117 649 2145 709 zu
2185 649 2295 709 schrei¬

1264 688 1351 748 ben,
1373 688 1448 748 gern
1482 690 1688 750 zugestehen.
1753 695 1845 755 Aber
1878 697 1927 757 bey
1965 700 2291 760 Originaldichtern,

1264 736 1312 796 die
1334 738 1392 798 uns
1424 736 1482 796 mit
1499 736 1583 796 ihren
1610 741 1743 801 Werken
1765 745 1791 805 zu
1823 745 1998 805 beschenken
2025 748 2174 808 gesonnen
2206 750 2286 810 sind,

1269 786 1396 846 wollten
1423 786 1481 846 wir
1508 786 1560 846 gar
1587 788 1656 848 sehr
1678 792 1863 852 verbitten,
1890 794 1927 854 da
1955 793 1991 853 sie
2013 797 2039 857 ja
2071 798 2156 858 nicht
2183 798 2283 858 dieses

1270 837 1426 897 bequeme
1464 837 1702 897 Sylbenmaaß
1746 843 1772 903 zu
1810 843 1902 903 ihrer
1940 846 2285 906 Lieblingsschreibart

1272 885 1426 945 machen,
1452 885 1580 945 sondern
1612 888 1709 948 lieber
1730 891 1786 951 von
1818 891 1905 951 ihren
1936 894 2085 954 müßigen
2117 897 2276 957 Stunden

1270 932 1345 992 noch
1378 936 1485 996 einige
1513 936 1604 996 mehr
1637 937 1691 997 zum
1729 939 1847 999 Besten
1886 941 1934 1001 des
1962 945 2183 1005 Vaterlandes
2216 945 2291 1005 auf¬

1270 981 1428 1041 wenden,
1455 986 1512 1046 und
1539 984 1587 1044 sich
1614 987 1746 1047 gefallen
1773 984 1862 1044 laßen
1895 990 2053 1050 möchten,
2075 992 2121 1052 den
2154 994 2291 1054 verhaß¬

1269 1028 1318 1088 ten
1349 1031 1470 1091 Reim,
1496 1031 1551 1091 der
1572 1031 1596 1091 ja
1622 1031 1808 1091 ohnedem,
1834 1031 1894 1091 wie
1915 1033 1980 1093 man
2011 1037 2116 1097 weis,
2148 1040 2208 1100 nur
2233 1043 2283 1103 ihr

1272 1076 1477 1136 gehorsamer
1510 1077 1620 1137 Sclav
1657 1079 1720 1139 ist,
1747 1079 1831 1139 nicht
1858 1082 1942 1142 ganz
1975 1082 2006 1142 zu
2043 1085 2201 1145 vergessen

1273 1124 1346 1184 Der
1381 1127 1635 1187 Trauerspiele,
1664 1127 1715 1187 die
1750 1130 1822 1190 man
1869 1130 1936 1190 hier
1965 1131 2061 1191 liest,
2090 1133 2158 1193 sind
2192 1134 2287 1194 drey.

1273 1175 1410 1235 Eduard
1444 1177 1510 1237 und
1549 1178 1742 1238 Eleonora,
1765 1178 1826 1238 von
1865 1180 2053 1240 Thomson.
2125 1182 2280 1242 Tankred

1275 1225 1335 1285 und
1363 1226 1617 1286 Sigismunda,
1634 1225 1689 1285 von
1711 1229 1899 1289 Thomson.
1949 1234 2114 1294 (Hiermit
2137 1234 2197 1294 sind
2220 1235 2280 1295 alle

1269 1279 1501 1339 Trauerspiele
1528 1277 1712 1337 Thomsons
1740 1282 1902 1342 übersetzt,
1924 1285 2014 1345 wenn
2046 1285 2109 1345 man
2141 1285 2183 1345 die
2204 1286 2272 1346 drey

1264 1330 1383 1390 bereits
1411 1330 1585 1390 bekannten
1619 1330 1694 1390 dazu
1722 1333 1879 1393 nimmt.)
1913 1336 2043 1396 Endlich
2076 1338 2174 1398 folgen
2207 1339 2277 1399 noch

1273 1381 1322 1441 die
1345 1381 1504 1441 Brüder,
1527 1381 1587 1441 von
1610 1381 1753 1441 Young.
1798 1382 1874 1442 Bey
1902 1385 1951 1445 der
1974 1387 2205 1447 Bemühung,
2228 1387 2277 1447 die

1269 1431 1475 1491 Schreibart
1492 1429 1570 1489 stark
1587 1431 1618 1491 zu
1640 1431 1782 1491 machen,
1804 1433 1899 1493 haben
1926 1434 1989 1494 wir
2010 1434 2158 1494 zuweilen
2191 1437 2269 1497 einen

1267 1479 1419 1539 Mangel
1436 1479 1484 1539 der
1512 1479 1810 1539 Geschwindigkeit
1832 1484 1984 1544 bemerkt.
2012 1485 2125 1545 Kosten
2159 1485 2180 1545 in
2213 1485 2283 1545 vor¬

1264 1530 1434 1590 bemeldten
1469 1530 1679 1590 Kanterschen
1709 1533 2016 1593 Buchhandlungen
2045 1534 2056 1594 2
2085 1536 2119 1596 fl.

1683 1581 1864 1641 Zürich.

1324 1620 1384 1680 "D.
1410 1624 1520 1684 Joh.
1539 1625 1692 1685 Georg
1723 1628 2079 1688 Zimmermann,
2110 1630 2270 1690 Mitglied

1262 1663 1337 1723 „der
1363 1670 1504 1730 Königl.
1530 1670 1747 1730 Preußischen
1788 1672 1848 1732 und
1874 1673 2167 1733 Churbayerischen
2198 1676 2278 1736 Aka¬

1266 1709 1410 1769 „demien
1443 1709 1492 1769 der
1511 1712 1770 1772 Wissenschaften
1798 1714 1824 1774 in
1852 1715 1970 1775 Berlin
2003 1717 2061 1777 und
2094 1718 2279 1778 München,

1261 1748 1342 1808 „der
1366 1754 1563 1814 Akademien
1592 1755 1616 1815 in
1645 1757 1803 1817 Palermo
1832 1760 1890 1820 und
1914 1763 2063 1823 Pesaro,
2092 1763 2145 1823 der
2169 1766 2279 1826 natur¬

1296 1805 1488 1865 forschenden
1525 1808 1759 1868 Gesellschaften
1790 1813 1813 1873 in
1844 1814 1953 1874 Zürich
1983 1817 2043 1877 und
2068 1817 2194 1877 Basel,
2219 1818 2272 1878 der

1270 1858 1522 1918 "ökonomischen
1558 1861 1768 1921 Gesellschaft
1793 1864 1822 1924 in
1847 1866 1967 1926 Bern,
1992 1867 2051 1927 und
2082 1870 2274 1930 Stadtphy=

1288 1909 1366 1969 sicus
1395 1909 1417 1969 in
1451 1912 1597 1972 Brugg,
1620 1912 1676 1972 von
1710 1915 1760 1975 der
1778 1918 2030 1978 Erfahrung
2059 1918 2081 1978 in
2116 1920 2165 1980 der
2189 1921 2272 1981 Arz¬

1269 1960 1459 2020 "neykunst.
1483 1963 1563 2023 8vo,
1581 1963 1661 2023 1ster
1685 1965 1799 2025 Theil,
1817 1968 1932 2028 1763,
1944 1968 1961 2028 1
1985 1966 2145 2026 Alphabet
2163 1967 2174 2027 8
2198 1968 2272 2028 Bo¬

1269 2011 1372 2071 "gen,
1396 2010 1447 2070 2te
1478 2011 1604 2071 Theil,
1633 2014 1760 2074 1764,
1790 2016 1807 2076 1
1836 2017 2003 2077 Alphabet
2033 2017 2068 2077 17
2103 2015 2241 2075 Bogen.

1262 2058 1349 2118 Man
1380 2058 1457 2118 wird
1483 2058 1529 2118 den
1561 2059 1653 2119 Hrn.
1669 2061 1833 2121 Verfasser
1859 2064 1972 2124 bereits
2009 2064 2070 2124 aus
2101 2064 2152 2124 dem
2199 2064 2255 2124 von

1258 2109 1311 2169 ihm
1360 2108 1550 2168 gefertigten
1577 2106 1668 2166 Leben
1707 2109 1755 2169 des
1783 2112 1875 2172 Hrn.
1897 2112 1950 2172 von
1984 2115 2118 2175 Haller,
2141 2115 2270 2175 imglei¬

1252 2160 1322 2220 chen
1360 2157 1414 2217 aus
1447 2154 1544 2214 seiner
1577 2157 1712 2217 Schrift
1740 2160 1799 2220 vom
1837 2162 2102 2222 Nationalstolze
2130 2166 2264 2226 kennen.

1249 2210 1299 2270 In
1328 2207 1379 2267 dem
1420 2203 1681 2263 gegenwärtigen
1711 2208 1847 2268 Werke,
1882 2211 1939 2271 das
1974 2213 2041 2273 sehr
2070 2214 2184 2274 sauber
2213 2214 2264 2274 ab¬

1259 2255 1405 2315 gedruckt
1423 2255 1485 2315 ist,
1508 2252 1592 2312 zeigt
1616 2252 1643 2312 er
1667 2253 1711 2313 sich
1740 2258 1876 2318 zugleich
1911 2255 1956 2315 als
1985 2258 2165 2318 Philosoph
2200 2261 2256 2321 und

1255 2306 1354 2366 Arzt.
1382 2304 1537 2364 Nachdem
1577 2300 1604 2360 er
1626 2303 1648 2363 im
1694 2307 1770 2367 1sten
1799 2306 1904 2366 Theil
1921 2306 1948 2366 in
1976 2306 1992 2366 2
2021 2307 2170 2367 Büchern
2204 2309 2253 2369 von

1260 2357 1452 2417 Erfahrung
1481 2352 1537 2412 und
1566 2354 1826 2414 Gelehrsamkeit
1849 2357 2030 2417 überhaupt
2053 2357 2177 2417 geredet
2195 2358 2267 2418 hat,

1254 2405 1381 2465 kömmt
1408 2402 1434 2462 er
1467 2402 1492 2462 im
1536 2399 1610 2459 3ten
1647 2404 1758 2464 Buche
1785 2408 1886 2468 seinem
1929 2405 2125 2465 Endzwecke
2147 2408 2263 2468 näher,

1249 2453 1311 2513 und
1338 2454 1472 2514 handelt
1494 2449 1588 2509 unter
1609 2452 1723 2512 andern
1765 2455 1817 2515 von
1848 2455 2088 2515 Beobachtung
2120 2457 2171 2517 der
2193 2459 2265 2519 Zei¬

254 2503 541 2563 "Trauerspiele,
565 2501 621 2561 aus
651 2497 702 2557 dem
743 2500 922 2560 Englischen
951 2506 1129 2566 übersetzt,
1153 2503 1210 2563 von
1256 2503 1325 2563 chen
1354 2503 1405 2563 der
1429 2499 1648 2559 Krankheiten
1672 2501 1694 2561 in
1729 2506 1781 2566 dem
1822 2506 1936 2566 Pulse,
1960 2505 1988 2565 im
2029 2509 2264 2569 Athemholen,

1260 2554 1282 2614 im
1326 2554 1464 2614 Harne,
1492 2551 1525 2611 u.
1542 2549 1569 2609 s.
1586 2548 1630 2608 w.
1686 2554 1763 2614 Der
1785 2557 1834 2617 2te
1857 2556 1962 2616 Theil
1979 2557 2105 2617 enthält
2128 2560 2177 2620 das
2206 2560 2255 2620 4te

1252 2604 1368 2664 Buch.
1416 2600 1511 2660 Man
1543 2596 1627 2656 redet
1649 2602 1797 2662 darinnen
1829 2605 1882 2665 von
1919 2607 1972 2667 den
1999 2608 2173 2668 entfernten
2205 2609 2263 2669 Ur¬

1253 2651 1357 2711 sachen
1391 2650 1445 2710 der
1462 2646 1677 2706 Krankheiten
1711 2650 1738 2710 in
1772 2655 1821 2715 der
1844 2655 1942 2715 Luft,
1965 2655 1992 2715 in
2020 2657 2196 2717 Speisen,
2219 2658 2246 2718 in

1250 2700 1471 2760 Getränken,
1500 2697 1527 2757 in
1568 2697 1766 2757 Bewegung
1800 2703 1862 2763 und
1903 2705 2032 2765 Ruhe,
2061 2706 2089 2766 in
2129 2706 2259 2766 Schlaf

1250 2749 1312 2809 und
1339 2745 1508 2805 Wachen,
1530 2743 1556 2803 in
1588 2747 1635 2807 den
1668 2751 1969 2811 Absonderungen,
1991 2753 2016 2813 in
2049 2754 2102 2814 den
2134 2751 2260 2811 Leiden¬

1251 2799 1412 2859 schaften,
1436 2793 1464 2853 in
1494 2793 1539 2853 der
1563 2796 1591 2856 zu
1627 2802 1742 2862 großen
1772 2804 1997 2864 Anstrengung
2026 2802 2078 2862 des
2108 2799 2257 2859 Geistes,

1235 2847 1262 2907 in
1296 2847 1346 2907 dem
1385 2841 1542 2901 Einflusse
1565 2849 1760 2909 äußerlicher
1789 2850 1928 2910 Dinge,
1951 2852 2012 2912 und
2046 2849 2073 2909 in
2108 2847 2157 2907 der
2180 2846 2258 2906 vor¬

1246 2894 1511 2954 hergegangenen
1553 2900 1814 2960 Beschaffenheit
1850 2901 1896 2961 des
1933 2900 2104 2960 Körpers.
2164 2896 2245 2956 Das

2164 2947 2254 3007 letzte
