2479 3508
251 401 408 461 Director
433 392 493 452 von
525 392 633 452 unsrer
652 386 1060 446 Handlungsgesellschaft
1079 383 1109 443 in
1134 379 1261 439 Indien

253 452 397 512 ernennt
424 440 574 500 worden.
647 437 724 497 Die
751 437 886 497 übrigen
923 434 937 494 3
980 431 1042 491 sind
1073 431 1119 491 die
1146 428 1264 488 Herren

256 495 477 555 Desrabecg,
499 488 602 548 Mery
630 487 743 547 d’Arcy
771 485 830 545 und
857 485 895 545 Le
917 482 1058 542 Moine.
1085 479 1171 539 Herr
1188 472 1274 532 Wil¬

264 547 328 607 ckes
355 542 392 602 ist
409 538 462 598 von
495 536 559 596 hier
587 537 657 597 nach
690 536 867 596 Boulogne
895 530 1121 590 abgegangen,
1149 527 1180 587 um
1219 526 1261 586 sich

263 595 330 655 mit
351 590 469 650 einigen
506 586 598 646 seiner
630 586 681 646 von
712 583 836 643 London
868 580 996 640 daselbst
1017 578 1265 638 angekommnen

271 640 421 700 Freunde
442 638 471 698 zu
507 634 718 694 unterreden.
769 628 840 688 Die
871 628 1047 688 Akademie
1072 625 1137 685 war
1168 625 1193 685 in
1223 622 1273 682 der

267 691 461 751 Sorbonne
494 688 547 748 zur
575 682 801 742 Austheilung
835 679 888 739 der
921 676 1034 736 Preise
1067 673 1277 733 versammlet

271 742 332 802 und
364 742 420 802 das
446 734 646 794 Parlament
668 730 734 790 war
760 728 878 788 dabey.
930 724 1002 784 Der
1028 724 1192 784 Professor
1224 720 1275 780 der

264 787 534 847 Beredsamkeit,
561 784 645 844 Herr
672 778 832 838 Jaquin,
859 775 1001 835 eröfnete
1023 775 1065 835 die
1092 772 1283 832 Versamm¬

266 843 340 903 lung
367 839 430 899 mit
452 836 537 896 einer
569 830 770 890 lateinischen
803 825 914 885 Rede.
962 823 1041 883 Der
1068 823 1190 883 Auctor
1222 818 1275 878 des

266 886 387 946 Werks
414 884 467 944 das
494 882 542 942 den
574 874 674 934 Preis
701 876 727 936 in
765 876 818 936 der
845 873 1094 933 Beredsamkeit
1121 869 1285 929 erhalten,

272 939 345 999 war
367 938 451 998 nicht
484 932 510 992 zu
548 928 733 988 entdecken.
808 924 877 984 Die
909 924 1063 984 Aufgabe
1090 921 1206 981 welche
1233 917 1285 977 der

266 987 456 1047 Secretair
473 980 525 1040 der
547 978 737 1038 Akademie,
764 972 907 1032 Johann
934 972 1087 1032 Babtista
1114 969 1283 1029 Coignard

277 1036 339 1096 auf
361 1032 413 1092 das
446 1026 593 1086 folgende
625 1021 714 1081 Jahr
747 1018 889 1078 bekannt
916 1016 1053 1076 machte,
1080 1016 1121 1076 ist
1148 1016 1174 1076 in
1217 1013 1264 1073 dem

279 1082 397 1142 Motto
425 1073 613 1133 enthalten:
641 1066 700 1126 Ibi
722 1064 867 1124 optimam
911 1061 970 1121 esse
997 1061 1175 1121 iuventutis
1197 1058 1283 1118 insti-

281 1125 472 1185 tutionem,
498 1118 559 1178 ubi
575 1112 663 1172 viget
684 1112 828 1172 maxime
855 1109 988 1169 mascula
1015 1109 1045 1169 et
1066 1109 1169 1169 virilis
1201 1106 1293 1166 disci¬

276 1179 386 1239 plina.
436 1173 509 1233 Die
534 1166 705 1226 Akademie
730 1160 785 1220 von
816 1157 883 1217 St.
896 1157 957 1217 Luc
976 1157 1055 1217 wird
1087 1160 1209 1220 ehstens
1240 1157 1289 1217 ih=

279 1234 314 1294 re
338 1228 486 1288 Sitzung
517 1219 570 1279 auf
594 1216 683 1276 ihrem
726 1212 826 1272 Saal
845 1207 1070 1267 vornehmen.

522 1267 729 1327 London,
779 1264 839 1324 vom
889 1261 948 1321 21.
976 1258 1069 1318 Aug.

322 1324 397 1384 Den
421 1324 514 1384 16ten
538 1320 631 1380 dieses
655 1316 736 1376 hatte
755 1312 841 1372 Herr
860 1312 1029 1372 Mitschel,
1047 1308 1204 1368 Minister
1222 1303 1297 1363 Sr.

275 1378 377 1438 Maj.
394 1378 445 1438 des
474 1371 605 1431 Königs
634 1366 662 1426 in
685 1363 833 1423 Preußen
868 1362 948 1422 seine
965 1360 1295 1420 Abschiedsaudienz.

271 1473 493 1533 Experiment
521 1467 690 1527 gemacht,
717 1462 764 1522 die
803 1458 908 1518 schöne
946 1459 1078 1519 Seife,
1111 1457 1222 1517 welche
1259 1455 1285 1515 in

276 1525 399 1585 Rouen
437 1518 607 1578 verfertigt
639 1512 742 1572 wird,
773 1509 1058 1569 nachzumachen,
1089 1506 1203 1566 welche
1229 1503 1301 1563 Be¬

282 1575 436 1635 mühung
464 1569 525 1629 mit
553 1566 608 1626 dem
653 1560 863 1620 glücklichsten
892 1557 1007 1617 Erfolg
1041 1557 1190 1617 begleitet
1218 1554 1301 1614 war,

279 1624 342 1684 und
369 1622 437 1682 man
469 1616 560 1676 sagt,
581 1613 639 1673 daß
666 1612 708 1672 ein
740 1608 846 1668 eignes
879 1605 995 1665 großes
1022 1605 1117 1665 Haus
1150 1604 1298 1664 errichtet

281 1670 407 1730 werden
434 1665 514 1725 soll,
541 1663 572 1723 um
626 1659 704 1719 diese
726 1655 863 1715 Fabrike
890 1652 958 1712 hier
991 1652 1017 1712 in
1044 1652 1117 1712 Flor
1150 1652 1181 1712 zu
1214 1649 1303 1709 brin¬

286 1715 445 1775 bringen.
496 1706 571 1766 Den
607 1704 711 1764 22sten
752 1703 837 1763 hatte
863 1697 932 1757 Hr.
953 1697 1063 1757 Georg
1094 1697 1288 1757 Macartney

287 1761 336 1821 die
363 1754 467 1814 Ehre,
485 1751 589 1811 wegen
621 1748 720 1808 seiner
743 1742 946 1802 Ernennung
974 1739 1023 1799 zum
1068 1736 1303 1796 außerordent¬

290 1807 384 1867 lichen
421 1799 610 1859 Gesandten
648 1793 679 1853 an
721 1788 768 1848 dem
817 1786 911 1846 Russ.
927 1784 1043 1844 Hofe,
1075 1783 1122 1843 dem
1170 1781 1295 1841 Könige

289 1858 342 1918 die
361 1855 464 1915 Hand
489 1852 518 1912 zu
543 1846 664 1906 küssen.
726 1840 779 1900 Am
828 1837 931 1897 23sten
968 1835 1065 1895 dieses
1096 1834 1137 1894 ist
1162 1833 1216 1893 der
1241 1831 1307 1891 Hr.

285 1909 436 1969 Heinrich
471 1900 593 1960 Bilson
628 1894 750 1954 Legge,
780 1891 825 1951 ein
855 1888 994 1948 Mann,
1018 1888 1151 1948 welcher
1181 1885 1209 1945 in
1245 1887 1291 1947 der

291 1954 677 2014 Ministerialgeschichte
695 1945 821 2005 unserer
845 1942 913 2002 Zeit
931 1942 1001 2002 stets
1030 1939 1110 1999 einen
1140 1939 1231 1999 Platz
1249 1936 1300 1996 be¬

292 2008 432 2068 haupten
459 2005 567 2065 wird,
600 2002 632 2062 zu
660 1994 854 2054 Tunbridge
887 1992 918 2052 an
952 1990 1038 2050 einer
1060 1987 1287 2047 langwierigen

291 2058 479 2118 Krankheit
496 2049 679 2109 gestorben.
713 2043 790 2103 Wie
813 2040 862 2100 der
885 2040 1012 2100 Herzog
1040 2038 1095 2098 von
1124 2037 1295 2097 Neucastle

292 2109 345 2169 die
373 2103 546 2163 Geschäfte
574 2096 796 2156 niederlegte,
829 2091 855 2151 so
884 2088 986 2148 folgte
1013 2085 1040 2145 er
1073 2087 1121 2147 ihm
1166 2085 1192 2145 in
1231 2085 1284 2145 dem

292 2156 458 2216 wichtigen
486 2148 605 2208 Posten
632 2145 718 2205 eines
746 2139 902 2199 Kanzlers
930 2136 962 2196 am
1005 2134 1200 2194 Exchequer,
1227 2133 1308 2193 wel¬

292 2205 363 2265 chen
392 2202 419 2262 er
436 2202 464 2262 zu
486 2198 619 2258 gleicher
642 2193 713 2253 Zeit
731 2187 913 2247 resigniret,
942 2187 986 2247 als
1014 2184 1097 2244 Herr
1125 2184 1202 2244 Pitt
1225 2183 1302 2243 seine

294 2250 495 2310 Bedienung
528 2243 569 2303 als
596 2234 866 2294 Staatssecretär
888 2236 1099 2296 niederlegte.
1164 2229 1210 2289 Er
1238 2230 1300 2290 war

291 2301 344 2361 der
369 2294 571 2354 geschickteste
589 2285 761 2345 Financier
780 2282 810 2342 in
834 2282 988 2342 Europa.
1043 2282 1119 2342 Sr.
1138 2279 1233 2339 Maj.
1251 2279 1304 2339 ha¬

293 2351 350 2411 ben
386 2342 530 2402 folgende
554 2333 716 2393 Sachen,
747 2330 793 2390 als
828 2330 898 2390 eine
921 2333 1089 2393 Calesche,
1113 2330 1194 2390 zwey
1224 2329 1310 2389 Glo=

291 2396 484 2456 ckenspiele,
513 2386 598 2446 einen
628 2381 741 2441 Kasten
771 2378 827 2438 von
851 2381 1056 2441 Cedernholz
1074 2381 1136 2441 mit
1154 2378 1307 2438 Zimmer¬

295 2444 569 2504 geräthschaften,
590 2432 659 2492 eine
679 2426 762 2486 Kiste
775 2425 839 2485 mit
859 2432 1050 2492 Leinwand,
1070 2431 1127 2491 und
1153 2428 1217 2488 eine
1243 2426 1300 2486 mit

294 2497 451 2557 wollenen
476 2485 621 2545 Waaren
652 2479 687 2539 an
725 2476 773 2536 den
804 2476 925 2536 Kayser
956 2479 1009 2539 von
1041 2479 1198 2539 Marocco
1229 2476 1307 2536 neu¬

291 2551 351 2611 lich
379 2548 426 2608 zum
474 2536 616 2596 Präsent
644 2527 699 2587 von
733 2524 800 2584 hier
822 2526 978 2586 abschiffen
1012 2528 1128 2588 laßen.
1169 2527 1304 2587 Vorige

295 2597 418 2657 Woche
449 2590 558 2650 langte
588 2585 631 2645 ein
661 2575 800 2635 Courier
830 2572 894 2632 mit
917 2577 983 2637 sehr
1005 2578 1173 2638 wichtigen
1203 2575 1311 2635 Depe¬

292 2646 363 2706 chen
401 2642 460 2702 aus
485 2637 642 2697 Spanien
679 2628 793 2688 allhier
824 2623 884 2683 an.
927 2629 1144 2689 Verschiedne
1169 2623 1289 2683 Kriegs

298 2695 401 2755 schiffe
437 2688 488 2748 von
523 2688 563 2748 40
598 2679 754 2739 Kanonen
789 2670 881 2730 sollen
916 2671 944 2731 zu
974 2676 1100 2736 leichten
1130 2676 1291 2736 Fregatten

298 2739 533 2799 eingerichtet,
554 2734 618 2794 und
653 2730 704 2790 zum
757 2718 987 2778 Canaldienste
1014 2724 1203 2784 gebrauchet
1230 2724 1314 2784 wer¬

293 2793 371 2853 den.
418 2790 497 2850 Der
524 2784 609 2844 Herr
630 2781 735 2841 Loyd,
769 2773 807 2833 ein
841 2769 1025 2829 berühmter
1053 2772 1243 2832 Kaufmann
1271 2770 1296 2830 in

306 2841 471 2901 Georgien
504 2833 560 2893 hat
587 2831 708 2891 neulich
741 2821 849 2881 einige
875 2822 1297 2882 Campecheholz=Pflanzen

300 2891 356 2951 von
388 2887 564 2947 Honduras
589 2879 659 2939 alda
684 2873 897 2933 eingefuhrt,
923 2866 960 2926 um
1006 2870 1137 2930 dieselbe
1163 2870 1200 2930 an
1238 2870 1288 2930 dem

293 2942 371 3002 Fluß
399 2938 550 2998 Savana
570 2928 782 2988 anzubauen.
835 2921 888 2981 Es
915 2916 973 2976 sind
1001 2918 1119 2978 bereits
1140 2921 1311 2981 verschied=

1306 378 1341 438 ne
1366 377 1468 437 davon
1499 380 1632 440 gesetzt,
1664 380 1724 440 und
1749 380 1893 440 kommen
1924 377 1985 437 sehr
2010 373 2063 433 gut
2088 373 2173 433 fort,
2197 372 2227 432 so
2258 374 2312 434 daß

1314 428 1606 488 Großbritannien
1639 428 1704 488 mit
1731 430 1828 490 diesem
1872 428 2041 488 nühzlichen
2079 422 2263 482 Färbeholz
2291 422 2317 482 in

1309 476 1452 536 wenigen
1481 476 1602 536 Jahren
1636 476 1697 536 aus
1720 477 1820 537 seinen
1842 478 1992 538 Colonien
2026 471 2219 531 hinlänglich
2242 469 2319 529 wird

1314 527 1459 587 versehen
1492 524 1611 584 werden
1644 527 1783 587 können.
1833 525 1892 585 Ein
1925 527 2119 587 vornehmer
2136 521 2238 581 Herr,
2255 517 2324 577 wel¬

1314 572 1378 632 cher
1400 572 1459 632 vor
1482 573 1492 633 3
1514 574 1622 634 Tagen
1650 575 1703 635 aus
1731 575 1920 635 Frankreich
1947 578 2060 638 allhier
2077 572 2299 632 angekommen

1314 622 1486 682 berichtet,
1514 622 1568 682 daß
1596 622 1666 682 man
1693 622 1720 682 in
1748 625 1964 685 verschiednen
1997 625 2182 685 Provinzen
2220 617 2317 677 dieses

1314 671 1438 731 Reichs
1467 670 1534 730 sehr
1558 670 1648 730 eifrig
1677 673 1863 733 beschäftigt
1886 675 1959 735 sey,
1988 673 2146 733 Recruten
2187 672 2215 732 zu
2249 666 2327 726 wer¬

1319 720 1394 780 ben,
1411 721 1519 781 wobey
1547 721 1595 781 den
1628 721 1801 781 freywillig
1824 724 1964 784 Dienste
1986 724 2181 784 nehmenden
2209 719 2322 779 großes

1310 769 1486 829 Handgeld
1512 771 1646 831 gegeben
1678 772 1802 832 würde.
1833 775 1884 835 In
1911 772 2071 832 Spanien
2098 772 2133 832 ist
2155 772 2201 832 ein
2227 769 2320 829 neuer

1318 819 1451 879 Pardon
1488 819 1539 879 für
1571 819 1632 879 alle
1659 822 1824 882 desertirte
1850 822 2015 882 Soldaten
2052 821 2113 881 und
2150 819 2314 879 Matrosen

1317 870 1490 930 publiciret
1512 870 1663 930 worden,
1680 870 1766 930 wenn
1800 872 1913 932 selbige
1935 871 1983 931 sich
2011 870 2184 930 innerhalb
2212 870 2227 930 3
2250 867 2325 927 Mo¬

1322 920 1412 980 naten
1441 918 1491 978 bey
1520 918 1604 978 ihren
1633 921 1865 981 Regimentern
1894 921 1956 981 und
1985 921 2040 981 auf
2058 921 2142 981 ihren
2171 918 2317 978 Schiffen

1311 969 1431 1029 wieder
1459 968 1646 1028 einfinden.

1524 1013 1802 1073 Stockholm,
1837 1013 1900 1073 vom
1948 1016 2011 1076 31.
2035 1018 2127 1078 Aug.

1371 1058 1529 1118 Zwischen
1566 1060 1724 1120 Calmar,
1746 1058 1952 1118 Westerwick
1979 1061 2037 1121 und
2075 1062 2323 1122 Söderkiöping

1318 1109 1359 1169 isi
1380 1111 1431 1171 zur
1457 1107 1689 1167 Beförderung
1726 1107 1777 1167 der
1798 1107 1973 1167 Handlung
2011 1105 2077 1165 eine
2098 1106 2180 1166 Post
2207 1109 2330 1169 angele¬

1316 1160 1369 1220 get
1386 1157 1545 1217 worden,
1572 1157 1630 1217 und
1657 1157 1688 1217 sie
1716 1157 1752 1217 ist
1774 1158 1805 1218 am
1849 1157 1917 1217 5ten
1955 1157 2050 1217 dieses
2077 1157 2226 1217 Monats
2253 1157 2306 1217 zum

1317 1207 1496 1267 erstenmal
1513 1207 1752 1267 abgegangen.

1629 1306 2037 1366 AVERTISSEMENT.

1371 1354 1419 1414 Es
1442 1360 1479 1420 ist
1502 1360 1551 1420 dem
1601 1357 1743 1417 Publico
1776 1357 1896 1417 bereits
1930 1360 2050 1420 bereits
2083 1357 2116 1417 zu
2149 1357 2324 1417 verschiede

270 1425 358 1485 Von
388 1426 399 1486 2
423 1422 558 1482 hiesigen
588 1416 758 1476 Franzosen
794 1410 882 1470 ward
912 1408 941 1468 in
977 1410 1071 1470 diesen
1101 1407 1206 1467 Tagen
1242 1407 1283 1467 ein
1331 1410 1524 1470 nenmahlen
1554 1410 1642 1470 durch
1673 1410 1719 1470 die
1749 1407 2113 1467 Intelligentz=Blätter
2138 1404 2272 1464 bekandt
2291 1403 2337 1463 ge¬

1329 1458 1437 1518 macht
1453 1458 1602 1518 worden,
1629 1458 1686 1518 daß
1712 1458 1799 1518 unter
1832 1455 1965 1515 Seiner
1991 1456 2199 1516 Königlichen
2240 1452 2338 1512 Maj.

1329 1508 1620 1568 allergnädigsten-
1626 1506 1853 1566 Approbation
1880 1506 1933 1566 zum
1976 1506 2086 1566 Besten
2119 1504 2166 1564 des
2193 1500 2314 1560 Herzog

1329 1557 1442 1617 thums
1468 1557 1566 1617 Cleve
1587 1557 1649 1617 und
1675 1555 1726 1615 der
1747 1554 1938 1614 Grafschaft
1954 1557 2067 1617 Marck
2088 1554 2160 1614 nach
2187 1551 2341 1611 bekannt¬

1329 1605 1510 1665 gemachten
1541 1605 1626 1665 Plan
1667 1605 1732 1665 eine
1758 1605 2091 1665 Geld=Negotiation
2122 1602 2146 1662 in
2177 1602 2257 1662 Form
2298 1599 2338 1659 ei¬

1329 1652 1384 1712 ner
1409 1650 1550 1710 Tontine
1576 1652 1606 1712 zu
1637 1652 1772 1712 Stande
1793 1652 1959 1712 gebracht.
2010 1654 2065 1714 Da
2101 1652 2161 1712 nun
2187 1649 2237 1709 zur
2263 1649 2333 1709 Zeit

1333 1697 1458 1757 wenige
1487 1697 1665 1757 Liebhaber
1689 1697 1735 1757 sich
1763 1697 1833 1757 dazu
1862 1697 2049 1757 gefunden;
2077 1697 2105 1757 so
2129 1697 2250 1757 werden
2284 1697 2344 1757 die¬

1333 1740 1441 1800 jenige
1464 1739 1605 1799 eruchet,
1628 1739 1741 1799 welche
1765 1737 1810 1797 als
1833 1739 2028 1799 Collecteurs
2052 1739 2106 1799 bey
2138 1742 2233 1802 dieser
2252 1739 2342 1799 favo¬

1334 1784 1442 1844 rablen
1474 1784 1609 1844 Lotterie
1625 1784 1676 1844 sich
1703 1784 1894 1844 gebrauchen
1926 1787 2014 1847 lassen
2041 1787 2175 1847 wollen,
2207 1787 2258 1847 sich
2285 1789 2341 1849 auf

1330 1837 1380 1897 der
1408 1837 1709 1897 Königsbergschen
1744 1837 1888 1897 Kriegs=
1911 1837 1972 1897 und
2001 1840 2341 1900 Domainen=Kam=

1333 1891 1406 1951 mer
1429 1891 1480 1951 bey
1509 1891 1559 1951 dem
1605 1891 1712 1951 Herrn
1741 1891 1916 1951 Secretair
1939 1891 2103 1951 Gemmich
2143 1891 2171 1951 zu
2200 1894 2340 1954 melden.

1384 1979 1444 2039 Da
1478 1981 1527 2041 bey
1556 1981 1677 2041 jetziger
1706 1981 1937 2041 Verpachtung
1971 1984 2020 2044 der
2049 1984 2193 2044 Königl.
2210 1983 2342 2043 Preuß.

1336 2033 1470 2093 Lotterie
1491 2031 1522 2091 an
1553 2030 1604 2090 den
1636 2028 1775 2088 Königl.
1791 2031 1935 2091 Finanz=
1951 2031 2013 2091 und
2034 2031 2333 2091 Commercienrath

1329 2082 1435 2142 Herrn
1473 2079 1526 2139 von
1564 2079 1755 2139 Calzabigi,
1777 2079 1825 2139 die
1858 2082 2044 2142 Ziehungen
2082 2082 2177 2142 dieser
2205 2079 2343 2139 Lotterie

1336 2131 1396 2191 nur
1421 2130 1451 2190 zu
1477 2127 1593 2187 Berlin
1624 2127 1685 2187 und
1716 2127 1801 2187 zwar
1827 2127 1852 2187 in
1893 2130 1978 2190 einer
2009 2130 2338 2190 ohnveränderlichen

1339 2178 1498 2238 Ordnung
1530 2175 1587 2235 von
1618 2175 1628 2235 3
1655 2175 1685 2235 zu
1717 2175 1731 2235 3
1759 2175 1892 2235 Wochen
1913 2178 2079 2238 verrichtet
2095 2181 2214 2241 werden
2240 2181 2348 2241 sollen,

1342 2229 1367 2289 so
1394 2223 1471 2283 wird
1497 2223 1548 2283 das
1575 2220 1740 2280 Publicum
1782 2224 1953 2284 avertiret,
1974 2227 2030 2287 daß
2057 2230 2082 2290 zu
2114 2230 2160 2290 der
2192 2230 2227 2290 am
2264 2229 2331 2289 6ten

1340 2274 1480 2334 October
1502 2270 1529 2330 zu
1557 2270 1784 2330 geschehenden
1817 2273 1963 2333 Ziehung
1985 2276 2012 2336 im
2056 2276 2337 2336 Haupt=Comtor

1340 2327 1415 2387 aufm
1453 2318 1642 2378 Roßgarten
1676 2321 1735 2381 und
1763 2321 1811 2381 bey
1838 2324 1930 2384 denen
1968 2324 2077 2384 Herrn
2110 2324 2331 2384 Einnehmern

1341 2378 1388 2438 die
1419 2370 1590 2430 beliebigen
1627 2369 1769 2429 Einsätze
1805 2375 1852 2435 bis
1883 2376 1935 2436 zum
1984 2375 2079 2435 27ten
2115 2375 2227 2435 Sept.
2252 2378 2346 2438 ange¬

1343 2425 1495 2485 nommen
1520 2417 1668 2477 werden.

1394 2508 1439 2568 Es
1468 2505 1547 2565 wird
1582 2501 1632 2561 dem
1678 2505 1825 2565 Publico
1854 2509 1973 2569 hiemit
2002 2509 2143 2569 bekannt
2172 2515 2347 2575 gemachet,

1350 2560 1404 2620 daß
1427 2554 1604 2614 diejenige,
1621 2551 1642 2611 so
1665 2552 1715 2612 von
1743 2557 1786 2617 dem
1826 2559 1980 2619 gewesnen
2008 2563 2351 2623 Lotterie=Collecteur,

1348 2608 1438 2668 Hrn.
1456 2602 1597 2662 Kestloot
1614 2605 1812 2665 gewonnene
1841 2608 1971 2668 Billets
2000 2608 2056 2668 von
2097 2611 2147 2671 der
2170 2614 2243 2674 5ten
2278 2611 2350 2671 Zie¬

1350 2658 1433 2718 hung
1464 2654 1494 2714 in
1531 2649 1664 2709 Händen
1701 2653 1821 2713 haben,
1853 2657 1882 2717 zu
1919 2656 2136 2716 Auszahlung
2167 2661 2257 2721 ihrer
2282 2654 2354 2714 Ge¬

1344 2706 1482 2766 winnste
1512 2700 1557 2760 sich
1593 2697 1615 2757 in
1657 2700 1702 2760 dem
1749 2703 1807 2763 auf
1837 2706 1888 2766 dem
1947 2709 2138 2769 Roßgarten
2173 2709 2341 2769 gelegenen

1345 2752 1578 2812 Lotterie=Amt
1601 2748 1728 2808 gehörig
1751 2757 1873 2817 melden
1901 2757 2040 2817 können.

1348 2838 1445 2898 Diese
1456 2829 1603 2889 Gelehrte
1614 2831 1672 2891 und
1693 2838 1860 2898 Politische
1881 2841 1997 2901 Zeitung
2028 2841 2097 2901 wird
2118 2841 2166 2901 des
2196 2841 2342 2901 Montagl

1449 2875 1504 2935 und
1535 2879 1682 2939 Freytags
1708 2878 1726 2938 in
1751 2877 1800 2937 dem
1837 2882 2028 2942 Kanterschen
2060 2882 2237 2942 Buchladen

1738 2921 1954 2981 ausgegeben.
