2479 3508
175 352 238 412 uns
265 351 469 411 vorgesetzt,
489 345 577 405 keine
605 342 719 402 Sylbe
745 339 796 399 von
829 339 879 399 ihm
918 342 949 402 zu
976 342 1097 402 sagen,
1130 342 1199 402 son¬

181 404 253 464 dern
284 401 339 461 ihn
370 398 460 458 selbst
492 395 552 455 auf
577 390 620 450 ein
657 389 754 449 Paar
786 390 944 450 Minuten
981 393 1035 453 zum
1079 392 1188 452 Reden

176 457 206 517 zu
237 452 421 512 nöthigen.

423 565 496 625 Aus
525 563 571 623 der
592 563 687 623 ersten
716 566 966 626 Unterredung:

391 663 511 723 Jungfer
536 663 693 723 Fikgen,
718 667 796 727 Herr
821 667 990 727 Barthel.

554 745 631 805 Herr
654 745 826 805 Barthel.

461 807 549 867 Guten
576 807 690 867 Abend,
712 810 873 870 Fikchen!

428 864 476 924 Ist
500 861 548 921 Sie
572 864 657 924 etwan
684 864 778 924 krank?

431 922 497 982 Hat
516 921 568 981 Sie
592 921 634 981 gar
658 921 695 981 ein
725 923 851 983 Piekgen,

429 980 513 1040 Sagt
538 981 589 1041 Sie
608 981 655 1041 mir
679 981 749 1041 nicht
768 982 871 1042 Dank?

426 1038 486 1098 Sie
506 1040 566 1100 wird
592 1042 642 1102 mir
664 1040 734 1100 nicht
755 1043 870 1103 kennen,

430 1100 507 1160 Oder
531 1100 628 1160 schämt
648 1097 695 1157 Sie
720 1100 787 1160 sich?

435 1158 504 1218 Muß
529 1157 558 1217 ich
584 1157 642 1217 mich
668 1157 732 1217 stets
757 1160 880 1220 nennen?

429 1213 592 1273 Barthel
617 1212 646 1272 ist
665 1210 719 1270 es,
738 1210 792 1270 ich.

1591 330 1713 390 Jungfer
1736 334 1884 394 Fikgen.

1506 383 1609 443 Dieses
1636 386 1699 446 kann
1721 389 1757 449 ich
1784 389 1878 449 leiden,

1475 440 1538 500 Sey
1564 440 1622 500 Er,
1647 443 1695 503 wer
1725 440 1759 500 Er
1784 446 1823 506 ist,

1481 500 1541 560 Und
1560 499 1596 559 ich
1619 499 1678 559 kann
1707 500 1757 560 Ihn
1785 503 1904 563 meiden,

1471 557 1558 617 Wenn
1584 554 1623 614 Er
1645 556 1706 616 mich
1732 556 1849 616 vergißt.

1478 613 1525 673 Jch
1554 613 1606 673 will
1626 613 1688 673 mich
1712 615 1865 675 erfrischen,

1480 671 1538 731 Geh
1568 670 1685 730 besuchen
1711 672 1784 732 aus;

1470 729 1595 789 Schleich
1620 727 1658 787 Er
1682 727 1730 787 nur
1750 730 1894 790 inzwischen

1475 786 1531 846 Zur
1554 786 1649 846 Mama
1678 784 1717 844 ins
1740 786 1840 846 Haus.

1600 867 1680 927 Herr
1703 864 1871 924 Barthel.

1517 927 1602 987 Eulen
1628 926 1673 986 sind
1699 924 1769 984 nicht
1790 924 1946 984 Schwalben

1483 985 1553 1045 Was
1573 985 1627 1045 soll
1638 984 1678 1044 ich
1703 984 1748 1044 bey
1773 984 1842 1044 der?

1225 1058 1286 1118 und
1315 1055 1381 1115 was
1410 1058 1499 1118 sollen
1528 1056 1588 1116 wir
1612 1055 1661 1115 den
1690 1055 1840 1115 Barthel
1863 1055 1975 1115 weiter
1998 1055 2115 1115 hören,
2132 1052 2232 1112 wissen

1227 1107 1291 1167 wir
1314 1107 1385 1167 doch
1407 1109 1515 1169 schon,
1532 1108 1586 1168 daß
1614 1106 1657 1166 die
1685 1107 2007 1167 Schwiegermütter
2029 1103 2160 1163 Eulen,
2177 1106 2236 1166 und

1229 1160 1277 1220 die
1304 1159 1484 1219 Madchens
1512 1157 1719 1217 Schwalben
1746 1155 1826 1215 sind.
1853 1157 1970 1217 Kostet
1987 1154 2013 1214 in
2045 1155 2242 1215 vorbemeld=

1227 1207 1271 1267 ten
1305 1208 1518 1268 Kanterschen
1547 1204 1860 1264 Buchhandlungen
1889 1204 1928 1264 12
1951 1204 2006 1264 gr.

436 1357 626 1417 Berlin,
657 1358 704 1418 den
746 1358 806 1418 15.
836 1360 948 1420 Sept.

232 1404 306 1464 Bey
344 1404 391 1464 dem
440 1404 647 1464 Meyerschen
685 1405 1042 1465 Dragonerregiment
1069 1402 1105 1462 ist
1138 1402 1191 1462 der

181 1455 530 1515 Premierlieutenant
556 1452 639 1512 Herr
665 1452 722 1512 von
759 1452 879 1512 Wedel
905 1455 957 1515 zum
999 1452 1196 1512 Staabsca¬

189 1506 309 1566 pitain,
330 1503 380 1563 der
406 1503 754 1563 Secondelieutenant
775 1501 865 1561 Herr
891 1503 947 1563 von
988 1500 1093 1560 Sasse
1119 1500 1174 1560 zum

181 1554 544 1614 Premierlieutenant,
575 1552 635 1612 und
666 1551 716 1611 der
742 1551 989 1611 Fahnenjunker
1015 1548 1106 1608 Herr
1131 1548 1181 1608 von

182 1605 306 1665 Söcken
334 1602 387 1662 zum
432 1602 589 1662 Fähnrich
617 1602 785 1662 avancirt.
835 1603 910 1663 Se.
933 1604 1030 1664 Maj.
1053 1601 1106 1661 der
1129 1598 1193 1658 Kö¬

179 1657 234 1717 nig
257 1657 356 1717 haben
385 1655 434 1715 dem
474 1655 640 1715 Amtsrath
663 1654 718 1714 und
741 1653 879 1713 Besitzer
902 1652 952 1712 des
980 1652 1007 1712 in
1030 1649 1180 1709 Preussen

183 1709 273 1769 unter
302 1709 352 1769 dem
393 1706 545 1766 Lyckschen
574 1706 829 1766 Justitzcollegio
853 1706 1017 1766 stehenden
1046 1703 1181 1763 adlichen

190 1760 280 1820 Guts
321 1761 524 1821 Kowahlen,
553 1760 711 1820 Andreas
746 1760 915 1820 Christian
956 1757 1017 1817 von
1058 1757 1187 1817 Tyszka

178 1813 266 1873 nicht
287 1811 376 1871 allein
402 1809 500 1869 seinen
532 1810 610 1870 alten
642 1808 699 1868 aus
725 1808 829 1868 Polen
851 1805 1090 1865 herrührenden
1117 1808 1194 1868 Adel

184 1855 338 1915 erneuret
370 1852 433 1912 und
470 1852 660 1912 bestätiget,
702 1850 833 1910 sondern
874 1850 942 1910 auch
979 1849 1074 1909 dessen
1106 1849 1183 1909 sechs

185 1901 470 1961 Brudernsöhnen
504 1897 602 1957 denen
637 1894 750 1954 beyden
785 1894 995 1954 Lieutenants
1030 1894 1191 1954 hochlöbl.

176 1954 233 2014 von
270 1948 534 2008 Apenburgschen
571 1942 960 2002 Dragonerregiments,
982 1940 1080 2000 Hans
1117 1938 1189 1998 An¬

179 2004 278 2064 dregs
301 2000 362 2060 und
396 1995 495 2055 Carl,
518 1993 701 2053 imgleichen
729 1990 885 2050 Friedrich
919 1990 1090 2050 Theodor,
1107 1987 1196 2047 Wil¬

180 2054 245 2114 helm
288 2047 436 2107 Ludwig,
455 2040 622 2100 Gottfried
652 2040 819 2100 Samuel,
837 2040 897 2100 und
921 2040 1088 2100 Christoph
1118 2036 1189 2096 Da=

184 2103 264 2163 niel,
284 2099 376 2159 dieser
402 2091 538 2151 Gnaden
571 2091 757 2151 theilhaftig
782 2091 943 2151 gemacht.

388 2142 683 2202 Maynstrom,
717 2141 772 2201 vom
823 2145 855 2205 3.
879 2142 989 2202 Sept.

230 2193 305 2253 Die
335 2193 630 2253 Vestungswercke
666 2192 723 2252 der
747 2193 775 2253 in
817 2193 868 2253 den
909 2193 1176 2253 österreichischen

177 2248 422 2308 Niederlanden
456 2243 619 2303 liegenden
647 2240 762 2300 beyden
790 2243 915 2303 Städte
937 2242 1112 2302 Nieuport
1123 2240 1183 2300 und

176 2300 318 2360 Ostende
346 2297 466 2357 werden
494 2293 553 2353 seit
581 2291 685 2351 kurzem
735 2293 921 2353 vermehrt.
971 2291 1041 2351 Die
1064 2289 1189 2349 franzö¬

188 2349 277 2409 sische
296 2345 488 2405 Guarnison
519 2341 548 2401 zu
585 2339 777 2399 Dünkerken
808 2341 844 2401 ist
874 2343 934 2403 mit
959 2342 971 2402 4
1007 2339 1187 2399 Regimen¬

184 2399 248 2459 tern
276 2396 444 2456 verstärckt
466 2391 613 2451 worden.
662 2387 748 2447 Man
781 2393 922 2453 rechnet,
939 2393 994 2453 daß
1021 2387 1178 2447 Spanien

184 2446 245 2506 und
270 2443 454 2503 Frankreich
480 2440 534 2500 seit
554 2439 602 2499 dem
646 2435 750 2495 letzten
775 2443 910 2503 Frieden
936 2440 984 2500 bis
1010 2435 1175 2495 jetzonahe
1219 2435 1360 2495 erhalten
1391 2429 1452 2489 mit
1472 2432 1526 2492 dem
1564 2438 1730 2498 englischen
1761 2437 1976 2497 Abgesandten
2008 2435 2050 2495 11
2081 2434 2130 2494 bis
2155 2435 2222 2495 12.

191 2493 224 2553 an
252 2492 292 2552 70
321 2491 394 2551 neue
422 2489 654 2549 Kriegsschiffe
675 2485 742 2545 nach
771 2493 967 2553 Westindien
995 2488 1022 2548 in
1057 2485 1131 2545 See
1139 2482 1192 2542 ge=

187 2542 241 2602 hen
275 2539 385 2599 lassen.

440 2584 609 2644 Paris,
639 2581 694 2641 den
731 2583 794 2643 27.
816 2590 907 2650 Aug.

237 2633 311 2693 Von
341 2633 567 2693 Guadaluppe
590 2629 741 2689 berichtet
759 2638 857 2698 man,
881 2636 933 2696 daß
956 2634 1002 2694 der
1026 2629 1182 2689 Grafvon

181 2685 456 2745 Bourlamaque,
478 2679 654 2739 Marechal
675 2676 706 2736 de
727 2681 830 2741 Camp
862 2685 924 2745 und
956 2681 1179 2741 Gouverneur

184 2739 283 2799 dieser
316 2733 441 2793 Insel,
467 2730 604 2790 daselbst
629 2727 691 2787 mit
724 2729 817 2789 Tode
843 2736 1080 2796 abgegangen.

186 2791 278 2851 gleich
306 2787 352 2847 sich
379 2778 599 2838 gegenwärtig
627 2778 686 2838 kein
714 2780 873 2840 Minister
894 2783 953 2843 von
981 2782 1101 2842 Seiten
1128 2778 1187 2838 un¬

191 2841 250 2901 sers
274 2839 380 2899 Hofes
405 2833 434 2893 in
458 2832 629 2892 Warschau
660 2829 819 2889 befindet,
838 2832 867 2892 so
898 2835 938 2895 ist
957 2835 1093 2895 derselbe
1117 2829 1187 2889 den¬

181 2891 248 2951 noch
286 2891 342 2951 von
380 2885 491 2945 allem,
517 2884 584 2944 was
617 2883 746 2943 daselbst
772 2885 946 2945 vorgehet,
977 2890 1045 2950 sehr
1077 2883 1169 2943 genau

1524 1354 1598 1414 Der
1628 1356 1686 1416 von
1727 1357 1802 1417 dort
1832 1354 2063 1414 angekommne
2099 1357 2243 1417 Königl.

1220 1357 1452 1417 unterrichtet.

1226 1403 1461 1463 Ambassadeur
1488 1402 1567 1462 wird
1583 1404 1633 1464 nie
1658 1404 1774 1464 wieder
1795 1404 1885 1464 dahin
1915 1403 2021 1463 zurück
2042 1402 2162 1462 gehen,
2172 1404 2232 1464 und

1224 1450 1296 1510 man
1317 1452 1472 1512 zweifelt,
1494 1452 1524 1512 ob
1545 1452 1638 1512 unser
1654 1453 1923 1513 Hofdenjenigen
1944 1447 2001 1507 von
2022 1449 2068 1509 den
2090 1451 2239 1511 Magna¬

1216 1501 1291 1561 ten,
1302 1500 1428 1560 welcher
1454 1503 1600 1563 gewählt
1621 1500 1717 1560 wird,
1733 1502 1778 1562 als
1799 1500 1905 1560 König
1936 1500 2088 1560 erkennen
2119 1500 2239 1560 werde.

1224 1549 1299 1609 Der
1319 1551 1380 1611 Abt
1395 1549 1480 1609 Vare
1507 1551 1587 1611 hielt
1598 1551 1632 1611 am
1674 1549 1905 1609 Ludwigstage
1931 1547 1997 1607 eine
2018 1545 2154 1605 Lobrede
2179 1550 2239 1610 auf

1222 1599 1275 1659 den
1303 1599 1351 1659 H.
1374 1599 1525 1659 Ludwig,
1542 1601 1569 1661 in
1597 1599 1650 1659 der
1673 1599 1846 1659 Akademie
1868 1596 1916 1656 der
1933 1596 2057 1656 Künste
2074 1596 2128 1656 und
2150 1593 2237 1653 Wis¬

1224 1649 1435 1709 senschaften,
1446 1649 1506 1709 und
1539 1649 1587 1709 der
1609 1649 1674 1709 Abt
1702 1646 1864 1706 Rousseau
1897 1646 1924 1706 in
1957 1642 2011 1702 der
2044 1645 2239 1705 Versamm¬

1227 1703 1304 1763 lung
1332 1703 1381 1763 der
1409 1703 1585 1763 Akademie
1619 1700 1668 1760 der
1697 1698 1933 1758 Aufschriften.
1989 1697 2226 1757 Nachmittage

1228 1754 1305 1814 hielt
1329 1754 1376 1814 die
1394 1756 1571 1816 Akademie
1601 1753 1648 1813 der
1678 1751 1939 1811 Wissenschaften
1963 1746 2034 1806 ihre
2052 1748 2229 1808 öffentliche

1230 1808 1549 1868 Zusammenkunft,
1576 1805 1668 1865 Herr
1696 1802 1869 1862 Alembert
1902 1801 1950 1861 las
1988 1799 2037 1859 die
2075 1799 2231 1859 poetische

1225 1852 1450 1912 Preisschrift
1470 1851 1541 1911 vor,
1556 1852 1700 1912 betitelt:
1729 1848 1911 1908 Schreiben
1941 1846 2026 1906 eines
2051 1847 2175 1907 Vaters
2195 1848 2223 1908 an

1225 1893 1325 1953 seinen
1364 1891 1465 1951 Sohn
1499 1894 1551 1954 bey
1581 1893 1628 1953 der
1657 1891 1796 1951 Geburt
1826 1893 1926 1953 seines
1965 1890 2104 1950 Enkels.
2152 1894 2229 1954 Der

1221 1939 1391 1999 Verfasser
1417 1939 1512 1999 davon
1548 1942 1583 2002 ist
1598 1939 1683 1999 Herr
1709 1939 1764 1999 von
1790 1937 1975 1997 Chamfort,
1992 1937 2041 1997 der
2067 1939 2112 1999 sich
2137 1939 2222 1999 durch

1224 1987 1278 2047 das
1309 1987 1531 2047 Schauspiel:
1562 1987 1611 2047 die
1627 1987 1723 2047 junge
1738 1987 1965 2047 Indianerin,
1986 1984 2066 2044 schon
2092 1989 2227 2049 bekandt

1221 2037 1367 2097 gemacht
1387 2034 1452 2094 hat.
1504 2034 1594 2094 Herr
1620 2031 1838 2091 Marmontel
1858 2033 1974 2093 machte
2000 2034 2116 2094 darauf
2137 2037 2222 2097 einen

1225 2088 1354 2148 Auszug
1388 2085 1441 2145 von
1469 2085 1479 2145 4
1513 2083 1680 2143 poetischen
1713 2084 1902 2144 Schriften,
1925 2082 2054 2142 welchen
2082 2084 2131 2144 die
2153 2087 2233 2147 Aka=

1224 2138 1324 2198 demie
1346 2133 1398 2193 ihr
1420 2134 1551 2194 Accessit
1573 2133 1725 2193 ertheilt,
1758 2133 1847 2193 nebst
1879 2133 2000 2193 einigen
2032 2133 2142 2193 andern
2175 2134 2227 2194 da¬

1225 2187 1276 2247 hin
1312 2184 1479 2244 gehörigen
1514 2186 1670 2246 Werken.
1717 2185 1798 2245 Der
1827 2184 2012 2244 beständige
2036 2187 2215 2247 Secretair

1218 2237 1302 2297 Herr
1331 2231 1462 2291 Duclos
1491 2235 1627 2295 beschloß
1667 2235 1712 2295 die
1741 2235 1911 2295 Sitzung,
1940 2236 2036 2296 indem
2083 2235 2116 2295 er
2145 2237 2201 2297 zum

1222 2285 1337 2345 Preise
1360 2282 1387 2342 in
1416 2282 1465 2342 der
1487 2286 1736 2346 Beredsamkeit
1753 2288 1813 2348 auf
1831 2287 1885 2347 das
1914 2285 2057 2345 künftige
2080 2287 2173 2347 Jahr
2185 2287 2229 2347 ei¬

1225 2336 1262 2396 ne
1295 2333 1429 2393 Lobrede
1457 2330 1515 2390 auf
1543 2334 1596 2394 den
1629 2339 1817 2399 berühmten
1850 2339 2017 2399 Cartesius
2055 2336 2222 2396 aussetzte.

1220 2381 1293 2441 Der
1322 2379 1439 2439 witzige
1468 2384 1678 2444 Philosophe
1707 2392 1819 2452 Hume
1853 2390 1916 2450 hat
1950 2387 2000 2447 die
2029 2386 2215 2446 Erlaubniß

1224 2482 1343 2542 Bände
1368 2479 1397 2539 in
1434 2479 1530 2539 Folio
1561 2483 1621 2543 von
1657 2488 1705 2548 den
1748 2488 1855 2548 eignen
1893 2481 2133 2541 Handschriften
2164 2481 2211 2541 des

1212 2531 1342 2591 Königs
1368 2530 1479 2590 Jacob
1504 2533 1560 2593 des
1592 2538 1728 2598 zweyten
1766 2532 2027 2592 abzuschreiben,
2040 2530 2213 2590 worinnen

1217 2580 1439 2640 insonderheit
1468 2581 1540 2641 eine
1569 2587 1713 2647 geheime
1741 2581 2014 2641 Unterhandlung
2054 2579 2137 2639 Carl
2166 2581 2215 2641 des

1221 2629 1368 2689 zweiten,
1385 2626 1442 2686 mit
1464 2630 1553 2690 denen
1580 2637 1781 2697 mächtigsten
1813 2629 1939 2689 damals
1971 2629 2118 2689 lebenden
2156 2630 2219 2690 Re=

1220 2676 1327 2736 genten
1355 2676 1377 2736 in
1412 2681 1564 2741 Europa,
1582 2685 1615 2745 um
1655 2685 1700 2745 die
1724 2679 1881 2739 catolische
1905 2678 2056 2738 Religion
2085 2679 2107 2739 in
2131 2681 2220 2741 Eng¬

1208 2728 1280 2788 land
1312 2727 1335 2787 zu
1367 2728 1561 2788 bestätigen,
1587 2734 1775 2794 befindlich.

1401 2784 1727 2844 Copenhagen,
1754 2777 1805 2837 vom
1852 2775 1890 2835 3.
1917 2776 2034 2836 Sept.

1263 2826 1338 2886 Die
1357 2826 1433 2886 hohe
1452 2833 1679 2893 Vermählung
1699 2825 1837 2885 zwischen
1863 2826 1944 2886 Jhro
1958 2828 2096 2888 Königl.
2103 2826 2221 2886 Hoheit

1219 2882 1338 2942 Frauen
1375 2883 1597 2943 Wilhelmina
1622 2881 1771 2941 Carolina
1796 2876 2031 2936 Erbprinzeßin
2061 2874 2091 2934 zu
2122 2873 2217 2933 Dän¬

2050 2926 2218 2986 nemarck,
