<?xml version="1.0" encoding="UTF-8" standalone="yes"?>
<PcGts xmlns="http://schema.primaresearch.org/PAGE/gts/pagecontent/2013-07-15" xmlns:xsi="http://www.w3.org/2001/XMLSchema-instance" xsi:schemaLocation="http://schema.primaresearch.org/PAGE/gts/pagecontent/2013-07-15 http://schema.primaresearch.org/PAGE/gts/pagecontent/2013-07-15/pagecontent.xsd">
    <Metadata>
        <Creator>prov=READ-COOP:name=PyLaia@TranskribusPlatform:version=2.15.0:model_id=39995:lm=none:date=04_07_2024_14:55</Creator>
        <Created>2024-07-04T13:38:54.273+02:00</Created>
        <LastChange>2024-07-04T14:55:01.888+02:00</LastChange>
        <TranskribusMetadata docId="3138763" pageId="74529313" pageNr="13" tsid="176330976" status="IN_PROGRESS" userId="222699" imgUrl="https://files.transkribus.eu/Get?id=JSXSFIHTBOHSEZOKTXZJJJBJ&amp;fileType=view" xmlUrl="https://files.transkribus.eu/Get?id=FUMXVDQQDEFJQAORTDTSRJPY" imageId="60349418"/>
    </Metadata>
    <Page imageFilename="74529313.jpg" imageWidth="2034" imageHeight="2755">
        <ReadingOrder>
            <OrderedGroup id="ro_1720097701889" caption="Regions reading order">
                <RegionRefIndexed index="0" regionRef="r_10"/>
                <RegionRefIndexed index="1" regionRef="r_23"/>
                <RegionRefIndexed index="2" regionRef="r_22"/>
            </OrderedGroup>
        </ReadingOrder>
        <Relations/>
        <TextRegion id="r_10" custom="readingOrder {index:0;}">
            <Coords points="35,944 1819,937 1821,1035 35,1035"/>
            <TextLine id="r_10_tl_1" custom="readingOrder {index:0;}">
                <Coords points="383,1024 1451,1029 1477,946 383,957"/>
                <Baseline points="391,1002 402,999 447,1002 492,1002 537,1005 582,1005 626,1008 671,1011 716,1005 761,1005 805,1002 850,1002 895,999 940,993 984,996 1029,996 1074,996 1119,996 1164,996 1208,993 1253,993 1298,993 1343,993 1387,993 1432,993 1477,996"/>
                <TextEquiv>
                    <Unicode>7tes Stück. Freytag, den 24. Februar. 1764.</Unicode>
                </TextEquiv>
            </TextLine>
            <TextEquiv>
                <Unicode></Unicode>
            </TextEquiv>
        </TextRegion>
        <TextRegion id="r_23" custom="readingOrder {index:1;}">
            <Coords points="928,2458 35,2458 35,1035 928,1035"/>
            <TextLine id="r_23_tl_1" custom="readingOrder {index:0;}">
                <Coords points="310,1102 352,1099 370,1117 412,1118 442,1101 539,1129 582,1106 620,1117 641,1111 639,1052 601,1067 473,1046 436,1063 398,1034 329,1060 307,1050"/>
                <Baseline points="316,1086 361,1089 405,1092 450,1095 495,1095 540,1098 585,1098 629,1098 644,1101"/>
                <TextEquiv>
                    <Unicode>Dritte Fortsetzung</Unicode>
                </TextEquiv>
            </TextLine>
            <TextLine id="r_23_tl_2" custom="readingOrder {index:1;}">
                <Coords points="254,1158 302,1155 410,1190 535,1175 556,1192 606,1181 664,1198 707,1173 704,1111 671,1124 645,1110 617,1132 507,1111 394,1120 333,1097 253,1117"/>
                <Baseline points="262,1149 307,1152 352,1158 396,1158 441,1161 486,1164 531,1167 576,1167 620,1167 665,1167 710,1167"/>
                <TextEquiv>
                    <Unicode>des Versuchs</Unicode>
                </TextEquiv>
            </TextLine>
            <TextLine id="r_23_tl_3" custom="readingOrder {index:2;}">
                <Coords points="148,1230 329,1219 374,1250 467,1251 832,1224 830,1194 751,1181 663,1200 147,1163"/>
                <Baseline points="155,1199 199,1202 244,1205 289,1214 334,1217 379,1220 423,1223 468,1226 513,1226 558,1226 602,1226 647,1226 692,1226 737,1223 782,1226 826,1223 835,1223"/>
                <TextEquiv>
                    <Unicode>über die Krankheiten des Kopfes.</Unicode>
                </TextEquiv>
            </TextLine>
            <TextLine id="r_23_tl_4" custom="readingOrder {index:3;}">
                <Coords points="68,1283 739,1319 913,1299 910,1234 863,1222 516,1265 67,1212"/>
                <Baseline points="76,1281 122,1265 167,1268 211,1271 256,1277 301,1280 346,1283 391,1289 435,1292 480,1292 525,1292 570,1292 614,1292 659,1292 704,1292 749,1292 793,1292 838,1289 883,1292 916,1289"/>
                <TextEquiv>
                    <Unicode>)ie phantastische Gemüthsbeschaffenheit ist nirgend</Unicode>
                </TextEquiv>
            </TextLine>
            <TextLine id="r_23_tl_5" custom="readingOrder {index:4;}">
                <Coords points="68,1321 919,1349 901,1296 529,1317 67,1283"/>
                <Baseline points="76,1291 122,1301 167,1310 211,1316 256,1319 301,1322 346,1328 391,1331 435,1334 480,1334 525,1334 570,1337 614,1334 659,1334 704,1334 749,1331 793,1334 838,1334 883,1331 919,1334"/>
                <TextEquiv>
                    <Unicode>gemeiner als in der Hyppochondrie. Die Chi¬</Unicode>
                </TextEquiv>
            </TextLine>
            <TextLine id="r_23_tl_6" custom="readingOrder {index:5;}">
                <Coords points="49,1361 908,1390 905,1338 470,1356 48,1304"/>
                <Baseline points="56,1343 101,1346 146,1352 191,1355 235,1358 280,1361 325,1367 370,1370 414,1373 459,1376 504,1376 549,1378 593,1378 638,1378 683,1378 728,1376 773,1376 817,1376 862,1376 907,1376 910,1376"/>
                <TextEquiv>
                    <Unicode>maren, welche diese Krankheit ausheckt, täuschen ei=</Unicode>
                </TextEquiv>
            </TextLine>
            <TextLine id="r_23_tl_7" custom="readingOrder {index:6;}">
                <Coords points="56,1400 830,1438 905,1424 904,1393 53,1363"/>
                <Baseline points="62,1390 107,1390 152,1393 196,1396 241,1399 286,1402 331,1408 376,1411 420,1414 465,1417 510,1417 555,1420 599,1420 644,1420 689,1420 734,1420 779,1420 823,1420 868,1420 907,1417"/>
                <TextEquiv>
                    <Unicode>Hentlich nicht die außeren Sinne, sondern machen nur</Unicode>
                </TextEquiv>
            </TextLine>
            <TextLine id="r_23_tl_8" custom="readingOrder {index:7;}">
                <Coords points="53,1447 910,1465 909,1425 743,1444 52,1405"/>
                <Baseline points="59,1423 104,1429 149,1435 194,1438 238,1441 283,1444 328,1450 373,1453 417,1453 462,1456 507,1459 552,1459 596,1459 641,1459 686,1459 731,1459 776,1459 820,1459 865,1456 910,1456 913,1456"/>
                <TextEquiv>
                    <Unicode>dem Hypochondristen ein Blendwerk von einer Em¬</Unicode>
                </TextEquiv>
            </TextLine>
            <TextLine id="r_23_tl_9" custom="readingOrder {index:8;}">
                <Coords points="57,1486 345,1520 913,1510 885,1463 682,1481 56,1446"/>
                <Baseline points="65,1471 110,1474 155,1477 199,1480 244,1486 289,1489 334,1492 379,1495 423,1498 468,1501 513,1498 558,1501 602,1501 647,1501 692,1501 737,1501 782,1501 826,1501 871,1501 916,1498"/>
                <TextEquiv>
                    <Unicode>Psendung seines eigenen Zustandes, entweder des Kör¬</Unicode>
                </TextEquiv>
            </TextLine>
            <TextLine id="r_23_tl_10" custom="readingOrder {index:9;}">
                <Coords points="52,1515 133,1549 168,1526 875,1561 914,1549 913,1510 346,1520 50,1486"/>
                <Baseline points="59,1510 104,1513 149,1519 194,1522 238,1525 283,1528 328,1531 373,1534 417,1537 462,1540 507,1540 552,1543 596,1543 641,1543 686,1543 731,1543 776,1543 820,1540 865,1540 910,1543 916,1543"/>
                <TextEquiv>
                    <Unicode>pers oder Seele, die gröstentheils eine leere Grille</Unicode>
                </TextEquiv>
            </TextLine>
            <TextLine id="r_23_tl_11" custom="readingOrder {index:10;}">
                <Coords points="52,1557 370,1598 916,1602 904,1548 133,1548 50,1514"/>
                <Baseline points="59,1552 104,1555 149,1558 194,1564 238,1567 283,1570 328,1573 373,1575 417,1578 462,1581 507,1581 552,1581 596,1581 641,1584 686,1584 731,1584 776,1584 820,1584 865,1581 910,1581 916,1581"/>
                <TextEquiv>
                    <Unicode>ist. Der Hypochondrist hat ein Uebel, das, an wel¬</Unicode>
                </TextEquiv>
            </TextLine>
            <TextLine id="r_23_tl_12" custom="readingOrder {index:11;}">
                <Coords points="57,1609 529,1644 916,1632 914,1602 860,1588 371,1599 56,1554"/>
                <Baseline points="65,1590 110,1596 155,1599 199,1605 244,1608 289,1611 334,1614 379,1617 423,1620 468,1623 513,1623 558,1623 602,1626 647,1623 692,1626 737,1623 782,1626 826,1626 871,1623 916,1623 919,1623"/>
                <TextEquiv>
                    <Unicode>chem Orte es auch seinen Hauptsitz haben mag, den=</Unicode>
                </TextEquiv>
            </TextLine>
            <TextLine id="r_23_tl_13" custom="readingOrder {index:12;}">
                <Coords points="58,1644 908,1681 906,1635 57,1609"/>
                <Baseline points="65,1632 110,1638 155,1641 199,1647 244,1650 289,1653 334,1656 379,1656 423,1662 468,1665 513,1665 558,1665 602,1665 647,1665 692,1665 737,1665 782,1665 826,1665 871,1665 910,1665"/>
                <TextEquiv>
                    <Unicode>noch warscheinlicher Weise das Nervengewebe in al¬</Unicode>
                </TextEquiv>
            </TextLine>
            <TextLine id="r_23_tl_14" custom="readingOrder {index:13;}">
                <Coords points="61,1688 473,1723 913,1711 894,1679 523,1686 60,1644"/>
                <Baseline points="68,1674 113,1680 158,1683 202,1686 247,1689 292,1692 337,1698 382,1698 426,1704 471,1704 516,1707 561,1707 605,1707 650,1707 695,1707 740,1707 785,1707 829,1707 874,1707 916,1707"/>
                <TextEquiv>
                    <Unicode>terley Theilen des Körpers unstätig durchwandert.</Unicode>
                </TextEquiv>
            </TextLine>
            <TextLine id="r_23_tl_15" custom="readingOrder {index:14;}">
                <Coords points="57,1727 446,1769 908,1765 905,1711 57,1696"/>
                <Baseline points="65,1719 110,1722 155,1728 199,1731 244,1734 289,1734 334,1737 379,1740 423,1746 468,1746 513,1749 558,1752 602,1749 647,1752 692,1752 737,1749 782,1749 826,1749 871,1749 910,1749"/>
                <TextEquiv>
                    <Unicode>Es ziehet aber vornemlich einen melancholischen Dunst</Unicode>
                </TextEquiv>
            </TextLine>
            <TextLine id="r_23_tl_16" custom="readingOrder {index:15;}">
                <Coords points="52,1777 880,1813 909,1808 908,1765 444,1769 50,1726"/>
                <Baseline points="59,1758 104,1764 149,1764 194,1770 238,1772 283,1772 328,1778 373,1781 417,1784 462,1787 507,1790 552,1793 596,1793 641,1790 686,1793 731,1790 776,1793 820,1790 865,1790 910,1793"/>
                <TextEquiv>
                    <Unicode>am den Sitz der Seele, dermaßen, daß der Patient</Unicode>
                </TextEquiv>
            </TextLine>
            <TextLine id="r_23_tl_17" custom="readingOrder {index:16;}">
                <Coords points="57,1817 908,1852 897,1803 56,1775"/>
                <Baseline points="65,1799 110,1805 155,1808 199,1811 244,1814 289,1814 334,1820 379,1823 423,1826 468,1829 513,1832 558,1835 602,1835 647,1835 692,1835 737,1835 782,1835 826,1835 871,1832 910,1832"/>
                <TextEquiv>
                    <Unicode>das Blendwerk fast aller Krankheiten, von denen er</Unicode>
                </TextEquiv>
            </TextLine>
            <TextLine id="r_23_tl_18" custom="readingOrder {index:17;}">
                <Coords points="52,1857 916,1894 913,1851 821,1841 590,1863 50,1822"/>
                <Baseline points="59,1841 104,1844 149,1850 194,1850 238,1853 283,1856 328,1859 373,1862 417,1868 462,1871 507,1874 552,1877 596,1874 641,1874 686,1877 731,1877 776,1877 820,1877 865,1874 910,1874 916,1874"/>
                <TextEquiv>
                    <Unicode>nur höret, an sich selbst fühlt. Er redet daher von</Unicode>
                </TextEquiv>
            </TextLine>
            <TextLine id="r_23_tl_19" custom="readingOrder {index:18;}">
                <Coords points="63,1900 878,1940 914,1935 912,1897 60,1856"/>
                <Baseline points="68,1886 113,1886 158,1889 202,1892 247,1895 292,1898 337,1898 382,1904 426,1910 471,1913 516,1916 561,1916 605,1916 650,1919 695,1919 740,1916 785,1919 829,1919 874,1919 916,1919"/>
                <TextEquiv>
                    <Unicode>nichts lieber als von seiner Unpäßlichkeit, lieset ger¬</Unicode>
                </TextEquiv>
            </TextLine>
            <TextLine id="r_23_tl_20" custom="readingOrder {index:19;}">
                <Coords points="63,1936 541,1980 908,1973 914,1936 60,1901"/>
                <Baseline points="68,1928 113,1931 158,1934 202,1934 247,1937 292,1937 337,1940 382,1946 426,1949 471,1955 516,1958 561,1958 605,1961 650,1961 695,1958 740,1961 785,1958 829,1961 874,1958 919,1961"/>
                <TextEquiv>
                    <Unicode>ne medicinische Bücher, findet allenthalben seine ei¬</Unicode>
                </TextEquiv>
            </TextLine>
            <TextLine id="r_23_tl_21" custom="readingOrder {index:20;}">
                <Coords points="58,1982 910,2020 880,1966 541,1980 57,1944"/>
                <Baseline points="65,1972 110,1972 155,1975 199,1975 244,1978 289,1975 334,1981 379,1984 423,1990 468,1993 513,1996 558,1999 602,2002 647,2002 692,2002 737,2002 782,2002 826,1999 871,1999 913,2002"/>
                <TextEquiv>
                    <Unicode>gene Zufälle, in Gesellschaft wandelt ihn auch wohl</Unicode>
                </TextEquiv>
            </TextLine>
            <TextLine id="r_23_tl_22" custom="readingOrder {index:21;}">
                <Coords points="54,2015 675,2063 876,2060 905,2019 53,1986"/>
                <Baseline points="62,2005 107,2011 152,2017 196,2020 241,2020 286,2020 331,2023 376,2026 420,2029 465,2035 510,2038 555,2041 599,2041 644,2044 689,2041 734,2044 779,2044 823,2044 868,2044 910,2044"/>
                <TextEquiv>
                    <Unicode>unvermerkt seine gute Laune an, und alsdann lache</Unicode>
                </TextEquiv>
            </TextLine>
            <TextLine id="r_23_tl_23" custom="readingOrder {index:22;}">
                <Coords points="57,2059 607,2116 747,2087 914,2103 912,2049 531,2061 56,2016"/>
                <Baseline points="65,2050 110,2053 155,2059 199,2062 244,2065 289,2065 334,2065 379,2065 423,2074 468,2077 513,2080 558,2083 602,2083 647,2086 692,2083 737,2083 782,2083 826,2083 871,2086 916,2083"/>
                <TextEquiv>
                    <Unicode>er viel, speiset gut, und hat gemeiniglich das Anse¬</Unicode>
                </TextEquiv>
            </TextLine>
            <TextLine id="r_23_tl_24" custom="readingOrder {index:23;}">
                <Coords points="61,2111 914,2136 913,2103 798,2090 607,2116 60,2059"/>
                <Baseline points="68,2089 113,2095 158,2098 202,2104 247,2104 292,2107 337,2107 382,2110 426,2113 471,2119 516,2122 561,2125 605,2125 650,2125 695,2125 740,2128 785,2128 829,2125 874,2128 916,2125"/>
                <TextEquiv>
                    <Unicode>hen eines gesunden Menschen. Die innere Phan¬</Unicode>
                </TextEquiv>
            </TextLine>
            <TextLine id="r_23_tl_25" custom="readingOrder {index:24;}">
                <Coords points="64,2143 914,2186 912,2135 63,2111"/>
                <Baseline points="71,2131 116,2137 161,2143 205,2143 250,2146 295,2146 340,2149 385,2152 429,2155 474,2158 519,2161 564,2164 608,2166 653,2166 698,2169 743,2169 787,2169 832,2169 877,2169 916,2166"/>
                <TextEquiv>
                    <Unicode>tasterey desselben anlangend, so bekommen die Bil¬</Unicode>
                </TextEquiv>
            </TextLine>
            <TextLine id="r_23_tl_26" custom="readingOrder {index:25;}">
                <Coords points="63,2192 906,2223 908,2184 60,2144"/>
                <Baseline points="68,2169 113,2178 158,2181 202,2187 247,2187 292,2187 337,2190 382,2193 426,2196 471,2199 516,2202 561,2205 605,2208 650,2208 695,2208 740,2211 785,2211 829,2211 874,2211 913,2208"/>
                <TextEquiv>
                    <Unicode>der in seinem Gehirne ofters eine Stärke und Dauer</Unicode>
                </TextEquiv>
            </TextLine>
            <TextLine id="r_23_tl_27" custom="readingOrder {index:26;}">
                <Coords points="57,2222 916,2265 913,2220 880,2217 56,2192"/>
                <Baseline points="65,2211 110,2217 155,2223 199,2226 244,2229 289,2232 334,2232 379,2235 423,2235 468,2238 513,2241 558,2244 602,2247 647,2250 692,2250 737,2253 782,2253 826,2253 871,2253 916,2256"/>
                <TextEquiv>
                    <Unicode>die ihm beschwerlich ist. Wenn ihm eine lächerliche</Unicode>
                </TextEquiv>
            </TextLine>
            <TextLine id="r_23_tl_28" custom="readingOrder {index:27;}">
                <Coords points="71,2270 908,2307 895,2264 68,2226"/>
                <Baseline points="77,2259 122,2259 167,2265 211,2268 256,2271 301,2271 346,2274 391,2277 435,2277 480,2280 525,2283 570,2286 614,2289 659,2289 704,2292 749,2295 793,2295 838,2295 883,2295 910,2295"/>
                <TextEquiv>
                    <Unicode>Figur im Kopfe ist, (ob er sie gleich selber nur vor</Unicode>
                </TextEquiv>
            </TextLine>
            <TextLine id="r_23_tl_29" custom="readingOrder {index:28;}">
                <Coords points="68,2306 795,2356 920,2349 917,2310 65,2270"/>
                <Baseline points="74,2295 119,2301 164,2304 208,2310 253,2313 298,2316 343,2316 388,2319 432,2319 477,2322 522,2325 567,2328 611,2331 656,2331 701,2334 746,2334 790,2334 835,2334 880,2337 922,2334"/>
                <TextEquiv>
                    <Unicode>ein Bild der Phantasie erkennet,) wenn diese Grille</Unicode>
                </TextEquiv>
            </TextLine>
            <TextLine id="r_23_tl_30" custom="readingOrder {index:29;}">
                <Coords points="71,2360 716,2412 923,2397 920,2349 890,2345 276,2337 68,2304"/>
                <Baseline points="77,2337 122,2343 167,2349 211,2355 256,2358 301,2361 346,2361 391,2363 435,2363 480,2363 525,2366 570,2372 614,2372 659,2372 704,2375 749,2378 793,2375 838,2378 883,2378 925,2375"/>
                <TextEquiv>
                    <Unicode>ihm ein ungeziemendes Lachen in anderer Gegen¬</Unicode>
                </TextEquiv>
            </TextLine>
            <TextEquiv>
                <Unicode></Unicode>
            </TextEquiv>
        </TextRegion>
        <TextRegion id="r_22" custom="readingOrder {index:2;}">
            <Coords points="1821,1035 1848,2458 928,2458 928,1035"/>
            <TextLine id="r_22_tl_1" custom="readingOrder {index:0;}">
                <Coords points="936,1105 1798,1097 1799,1018 1098,1023 936,1057"/>
                <Baseline points="943,1086 949,1089 993,1086 1038,1089 1083,1086 1128,1086 1173,1086 1217,1083 1262,1083 1307,1083 1352,1083 1396,1083 1441,1083 1486,1080 1531,1080 1575,1080 1620,1077 1665,1077 1710,1077 1755,1074 1799,1077"/>
                <TextEquiv>
                    <Unicode>wart ablockt, ohne daß er die Ursache davon anzeigt,</Unicode>
                </TextEquiv>
            </TextLine>
            <TextLine id="r_22_tl_2" custom="readingOrder {index:1;}">
                <Coords points="929,1140 1791,1130 1792,1094 1746,1086 931,1109"/>
                <Baseline points="937,1131 946,1131 990,1131 1035,1128 1080,1131 1125,1128 1170,1128 1214,1125 1259,1125 1304,1122 1349,1125 1393,1122 1438,1122 1483,1122 1528,1122 1573,1122 1617,1119 1662,1119 1707,1116 1752,1116 1796,1116"/>
                <TextEquiv>
                    <Unicode>oder wenn allerhand finstere Vorstellungen in ihm</Unicode>
                </TextEquiv>
            </TextLine>
            <TextLine id="r_22_tl_3" custom="readingOrder {index:2;}">
                <Coords points="929,1183 1792,1170 1794,1130 929,1141"/>
                <Baseline points="937,1170 946,1170 990,1173 1035,1170 1080,1173 1125,1170 1170,1170 1214,1167 1259,1164 1304,1167 1349,1164 1393,1164 1438,1164 1483,1164 1528,1161 1573,1161 1617,1158 1662,1158 1707,1158 1752,1158 1796,1158"/>
                <TextEquiv>
                    <Unicode>einen gewaltsamen Trieb rege machen, irgend etwas</Unicode>
                </TextEquiv>
            </TextLine>
            <TextLine id="r_22_tl_4" custom="readingOrder {index:3;}">
                <Coords points="932,1220 1788,1212 1780,1164 933,1182"/>
                <Baseline points="940,1208 943,1211 987,1214 1032,1214 1077,1214 1122,1211 1167,1211 1211,1208 1256,1205 1301,1205 1346,1205 1390,1205 1435,1202 1480,1202 1525,1199 1570,1199 1614,1199 1659,1199 1704,1199 1749,1199 1793,1199"/>
                <TextEquiv>
                    <Unicode>böses zu stiften, vor deßen Ausbruch er selbst ängstlich</Unicode>
                </TextEquiv>
            </TextLine>
            <TextLine id="r_22_tl_5" custom="readingOrder {index:4;}">
                <Coords points="932,1264 1749,1258 1789,1254 1791,1211 932,1220"/>
                <Baseline points="940,1253 943,1253 987,1253 1032,1253 1077,1253 1122,1250 1167,1250 1211,1250 1256,1247 1301,1247 1346,1247 1390,1244 1435,1244 1480,1244 1525,1244 1570,1241 1614,1238 1659,1241 1704,1238 1749,1238 1793,1238"/>
                <TextEquiv>
                    <Unicode>besorgt ist, und der gleichwohl niemahls zur That</Unicode>
                </TextEquiv>
            </TextLine>
            <TextLine id="r_22_tl_6" custom="readingOrder {index:5;}">
                <Coords points="936,1308 1788,1292 1789,1253 1707,1238 1499,1268 938,1260"/>
                <Baseline points="943,1292 987,1295 1032,1295 1077,1292 1122,1292 1167,1292 1211,1292 1256,1289 1301,1289 1346,1289 1390,1289 1435,1286 1480,1283 1525,1286 1570,1283 1614,1283 1659,1283 1704,1283 1749,1280 1793,1283"/>
                <TextEquiv>
                    <Unicode>kommt; alsdann hat sein Zustand viel ähnliches mit</Unicode>
                </TextEquiv>
            </TextLine>
            <TextLine id="r_22_tl_7" custom="readingOrder {index:6;}">
                <Coords points="931,1351 1789,1333 1789,1291 1723,1287 932,1310"/>
                <Baseline points="940,1337 943,1337 987,1337 1032,1334 1077,1334 1122,1334 1167,1334 1211,1334 1256,1334 1301,1331 1346,1331 1390,1331 1435,1328 1480,1328 1525,1328 1570,1328 1614,1325 1659,1325 1704,1325 1749,1322 1793,1325"/>
                <TextEquiv>
                    <Unicode>dem eines Verrückten, allein es hat keine Noth. Das</Unicode>
                </TextEquiv>
            </TextLine>
            <TextLine id="r_22_tl_8" custom="readingOrder {index:7;}">
                <Coords points="936,1393 1791,1376 1780,1334 936,1345"/>
                <Baseline points="943,1378 987,1381 1032,1378 1077,1378 1122,1376 1167,1378 1211,1378 1256,1376 1301,1376 1346,1376 1390,1373 1435,1373 1480,1370 1525,1370 1570,1370 1614,1367 1659,1367 1704,1367 1749,1367 1793,1370"/>
                <TextEquiv>
                    <Unicode>Uebel ist nicht tief gewurzelt und hebet sich, in so weit</Unicode>
                </TextEquiv>
            </TextLine>
            <TextLine id="r_22_tl_9" custom="readingOrder {index:8;}">
                <Coords points="942,1431 1796,1429 1796,1382 1716,1376 942,1398"/>
                <Baseline points="949,1420 993,1420 1038,1420 1083,1420 1128,1420 1173,1420 1217,1417 1262,1417 1307,1417 1352,1417 1396,1417 1441,1414 1486,1414 1531,1414 1575,1411 1620,1411 1665,1411 1710,1408 1755,1408 1799,1408"/>
                <TextEquiv>
                    <Unicode>es das Gemüth angehet, gemeiniglich entweder von</Unicode>
                </TextEquiv>
            </TextLine>
            <TextLine id="r_22_tl_10" custom="readingOrder {index:9;}">
                <Coords points="944,1476 1760,1472 1787,1424 946,1431"/>
                <Baseline points="952,1462 984,1459 1029,1459 1074,1459 1119,1459 1164,1459 1208,1456 1253,1459 1298,1456 1343,1456 1387,1456 1432,1456 1477,1456 1522,1456 1567,1453 1611,1453 1656,1450 1701,1450 1746,1450 1790,1450"/>
                <TextEquiv>
                    <Unicode>selbst, oder durch einige Arzeneymittel. Einerley Vor</Unicode>
                </TextEquiv>
            </TextLine>
            <TextLine id="r_22_tl_11" custom="readingOrder {index:10;}">
                <Coords points="942,1518 1772,1510 1798,1470 942,1476"/>
                <Baseline points="949,1504 993,1504 1038,1501 1083,1501 1128,1501 1173,1501 1217,1501 1262,1498 1307,1498 1352,1498 1396,1495 1441,1495 1486,1495 1531,1492 1575,1492 1620,1492 1665,1489 1710,1489 1755,1492 1799,1492"/>
                <TextEquiv>
                    <Unicode>stellung wirkt nach dem verschiedenen Gemüthszustan¬</Unicode>
                </TextEquiv>
            </TextLine>
            <TextLine id="r_22_tl_12" custom="readingOrder {index:11;}">
                <Coords points="939,1550 1761,1548 1795,1508 939,1519"/>
                <Baseline points="946,1546 990,1546 1035,1543 1080,1543 1125,1543 1170,1540 1214,1543 1259,1540 1304,1540 1349,1540 1393,1540 1438,1537 1483,1534 1528,1534 1573,1534 1617,1534 1662,1531 1707,1531 1752,1531 1796,1534"/>
                <TextEquiv>
                    <Unicode>de der Menschen in ganz unterschiedlichen Graden</Unicode>
                </TextEquiv>
            </TextLine>
            <TextLine id="r_22_tl_13" custom="readingOrder {index:12;}">
                <Coords points="939,1592 1724,1595 1800,1586 1802,1552 940,1552"/>
                <Baseline points="946,1584 952,1584 996,1584 1041,1584 1086,1584 1131,1584 1176,1584 1220,1584 1265,1581 1310,1578 1355,1578 1399,1578 1444,1578 1489,1578 1534,1575 1578,1575 1623,1575 1668,1575 1713,1573 1758,1573 1802,1573"/>
                <TextEquiv>
                    <Unicode>auf die Empfindung. Es giebt daher eine Art von</Unicode>
                </TextEquiv>
            </TextLine>
            <TextLine id="r_22_tl_14" custom="readingOrder {index:13;}">
                <Coords points="939,1637 1791,1635 1792,1586 1655,1576 1167,1610 940,1592"/>
                <Baseline points="946,1623 990,1626 1035,1626 1080,1623 1125,1626 1170,1623 1214,1626 1259,1623 1304,1623 1349,1623 1393,1620 1438,1617 1483,1617 1528,1617 1573,1617 1617,1617 1662,1614 1707,1614 1752,1617 1796,1617"/>
                <TextEquiv>
                    <Unicode>Phantasterey, die jemanden blos deswegen beygeme¬</Unicode>
                </TextEquiv>
            </TextLine>
            <TextLine id="r_22_tl_15" custom="readingOrder {index:14;}">
                <Coords points="938,1682 1800,1669 1800,1632 1739,1626 939,1641"/>
                <Baseline points="946,1671 952,1668 996,1668 1041,1668 1086,1668 1131,1665 1176,1665 1220,1665 1265,1665 1310,1662 1355,1662 1399,1662 1444,1659 1489,1659 1534,1659 1578,1659 1623,1659 1668,1659 1713,1659 1758,1656 1802,1656"/>
                <TextEquiv>
                    <Unicode>ßen wird, weil der Grad des Gefühls, dadurch er</Unicode>
                </TextEquiv>
            </TextLine>
            <TextLine id="r_22_tl_16" custom="readingOrder {index:15;}">
                <Coords points="929,1722 1795,1708 1773,1669 931,1685"/>
                <Baseline points="937,1707 949,1707 993,1710 1038,1710 1083,1707 1128,1707 1173,1707 1217,1707 1262,1707 1307,1704 1352,1704 1396,1704 1441,1704 1486,1701 1531,1701 1575,1701 1620,1701 1665,1698 1710,1701 1755,1701 1799,1701"/>
                <TextEquiv>
                    <Unicode>von gewißen Gegenständen gerührt wird, vor die</Unicode>
                </TextEquiv>
            </TextLine>
            <TextLine id="r_22_tl_17" custom="readingOrder {index:16;}">
                <Coords points="938,1762 1796,1757 1796,1708 939,1720"/>
                <Baseline points="946,1752 949,1749 993,1752 1038,1749 1083,1749 1128,1749 1173,1749 1217,1746 1262,1749 1307,1749 1352,1746 1396,1746 1441,1743 1486,1743 1531,1743 1575,1740 1620,1743 1665,1743 1710,1743 1755,1743 1799,1740"/>
                <TextEquiv>
                    <Unicode>Mäßigung eines gesunden Kopfes ausschweifend zu</Unicode>
                </TextEquiv>
            </TextLine>
            <TextLine id="r_22_tl_18" custom="readingOrder {index:17;}">
                <Coords points="939,1808 1794,1789 1794,1757 1746,1743 1299,1777 939,1762"/>
                <Baseline points="946,1796 990,1793 1035,1790 1080,1790 1125,1787 1170,1787 1214,1787 1259,1787 1304,1787 1349,1787 1393,1787 1438,1784 1483,1784 1528,1784 1573,1781 1617,1781 1662,1781 1707,1781 1752,1781 1796,1781"/>
                <TextEquiv>
                    <Unicode>seyn geurtheilt wird. Auf diesen Fuß ist der Me¬</Unicode>
                </TextEquiv>
            </TextLine>
            <TextLine id="r_22_tl_19" custom="readingOrder {index:18;}">
                <Coords points="939,1848 1796,1838 1796,1791 1742,1785 939,1808"/>
                <Baseline points="946,1838 949,1835 993,1835 1038,1835 1083,1832 1128,1832 1173,1829 1217,1829 1262,1829 1307,1829 1352,1829 1396,1826 1441,1826 1486,1826 1531,1826 1575,1826 1620,1826 1665,1823 1710,1823 1755,1823 1799,1826"/>
                <TextEquiv>
                    <Unicode>lancholicus ein Phantast in Ansehung der Uebel</Unicode>
                </TextEquiv>
            </TextLine>
            <TextLine id="r_22_tl_20" custom="readingOrder {index:19;}">
                <Coords points="939,1885 1770,1889 1798,1837 940,1847"/>
                <Baseline points="946,1880 949,1877 993,1877 1038,1877 1083,1874 1128,1871 1173,1871 1217,1871 1262,1871 1307,1871 1352,1871 1396,1871 1441,1868 1486,1868 1531,1868 1575,1868 1620,1868 1665,1868 1710,1868 1755,1868 1799,1868"/>
                <TextEquiv>
                    <Unicode>des Lebens. Die Liebe hat überaus viel phanta¬</Unicode>
                </TextEquiv>
            </TextLine>
            <TextLine id="r_22_tl_21" custom="readingOrder {index:20;}">
                <Coords points="947,1938 1799,1924 1799,1882 1663,1870 1530,1897 947,1890"/>
                <Baseline points="955,1922 996,1919 1041,1916 1086,1916 1131,1916 1176,1916 1220,1916 1265,1916 1310,1916 1355,1916 1399,1916 1444,1913 1489,1913 1534,1913 1578,1913 1623,1910 1668,1910 1713,1910 1758,1910 1802,1910"/>
                <TextEquiv>
                    <Unicode>stische Entzückungen, und das feine Kunstück der al=</Unicode>
                </TextEquiv>
            </TextLine>
            <TextLine id="r_22_tl_22" custom="readingOrder {index:21;}">
                <Coords points="938,1984 1796,1972 1796,1925 1711,1912 1385,1946 939,1932"/>
                <Baseline points="946,1961 949,1964 993,1961 1038,1961 1083,1958 1128,1958 1173,1955 1217,1958 1262,1958 1307,1958 1352,1958 1396,1958 1441,1958 1486,1955 1531,1952 1575,1955 1620,1955 1665,1952 1710,1949 1755,1949 1799,1949"/>
                <TextEquiv>
                    <Unicode>ten Staaten bestand darinn, die Bürger für die Em¬</Unicode>
                </TextEquiv>
            </TextLine>
            <TextLine id="r_22_tl_23" custom="readingOrder {index:22;}">
                <Coords points="939,2020 1791,2008 1792,1969 1724,1954 940,1982"/>
                <Baseline points="946,2008 990,2005 1035,2002 1080,1999 1125,1999 1170,1999 1214,2002 1259,2002 1304,1999 1349,1999 1393,1999 1438,1999 1483,1999 1528,1996 1573,1996 1617,1996 1662,1996 1707,1993 1752,1993 1796,1993"/>
                <TextEquiv>
                    <Unicode>pfindung der öffentlichen Wohlfarth zu Phantasten zu</Unicode>
                </TextEquiv>
            </TextLine>
            <TextLine id="r_22_tl_24" custom="readingOrder {index:23;}">
                <Coords points="936,2050 1799,2053 1799,2006 936,2020"/>
                <Baseline points="943,2044 952,2047 996,2047 1041,2041 1086,2041 1131,2041 1176,2041 1220,2041 1265,2041 1310,2041 1355,2041 1399,2041 1444,2041 1489,2038 1534,2038 1578,2038 1623,2038 1668,2035 1713,2035 1758,2035 1802,2035"/>
                <TextEquiv>
                    <Unicode>machen. Wer durch eine moralische Empfindung als</Unicode>
                </TextEquiv>
            </TextLine>
            <TextLine id="r_22_tl_25" custom="readingOrder {index:24;}">
                <Coords points="936,2091 1417,2114 1795,2090 1768,2045 938,2060"/>
                <Baseline points="943,2089 949,2089 993,2086 1038,2083 1083,2083 1128,2083 1173,2083 1217,2086 1262,2086 1307,2083 1352,2083 1396,2083 1441,2083 1486,2080 1531,2080 1575,2080 1620,2077 1665,2077 1710,2077 1755,2077 1799,2074"/>
                <TextEquiv>
                    <Unicode>durch einen Grundsatz mehr erhitzt wird, als es an¬</Unicode>
                </TextEquiv>
            </TextLine>
            <TextLine id="r_22_tl_26" custom="readingOrder {index:25;}">
                <Coords points="942,2136 1796,2133 1796,2088 1743,2082 1454,2087 1417,2114 942,2099"/>
                <Baseline points="949,2128 993,2128 1038,2128 1083,2125 1128,2125 1173,2128 1217,2125 1262,2128 1307,2128 1352,2125 1396,2125 1441,2125 1486,2125 1531,2122 1575,2119 1620,2122 1665,2116 1710,2116 1755,2119 1799,2119"/>
                <TextEquiv>
                    <Unicode>dere nach ihrem matten und ofters unedlen Gefühl</Unicode>
                </TextEquiv>
            </TextLine>
            <TextLine id="r_22_tl_27" custom="readingOrder {index:26;}">
                <Coords points="951,2179 1799,2173 1799,2137 1670,2117 1496,2147 951,2139"/>
                <Baseline points="958,2169 996,2169 1041,2166 1086,2166 1131,2169 1176,2169 1220,2169 1265,2169 1310,2166 1355,2166 1399,2166 1444,2166 1489,2164 1534,2164 1578,2161 1623,2161 1668,2161 1713,2158 1758,2161 1802,2161"/>
                <TextEquiv>
                    <Unicode>sich vorstellen können, ist in ihrer Vorstellung-ein</Unicode>
                </TextEquiv>
            </TextLine>
            <TextLine id="r_22_tl_28" custom="readingOrder {index:27;}">
                <Coords points="942,2230 1803,2219 1796,2170 943,2185"/>
                <Baseline points="949,2214 955,2211 999,2211 1044,2208 1089,2208 1134,2211 1179,2211 1223,2211 1268,2211 1313,2211 1358,2208 1402,2208 1447,2205 1492,2202 1537,2205 1581,2202 1626,2202 1671,2202 1716,2202 1761,2202 1805,2202"/>
                <TextEquiv>
                    <Unicode>Phantast. Ich stelle den Aristides unter Wucherer,</Unicode>
                </TextEquiv>
            </TextLine>
            <TextLine id="r_22_tl_29" custom="readingOrder {index:28;}">
                <Coords points="935,2272 1796,2266 1798,2216 936,2237"/>
                <Baseline points="943,2253 949,2256 993,2253 1038,2253 1083,2250 1128,2253 1173,2253 1217,2253 1262,2253 1307,2250 1352,2250 1396,2250 1441,2250 1486,2244 1531,2247 1575,2244 1620,2244 1665,2244 1710,2244 1755,2244 1799,2244"/>
                <TextEquiv>
                    <Unicode>den Epiktet unter Hofleute und den Johann Ja¬</Unicode>
                </TextEquiv>
            </TextLine>
            <TextLine id="r_22_tl_30" custom="readingOrder {index:29;}">
                <Coords points="944,2307 1799,2300 1800,2264 1704,2251 946,2272"/>
                <Baseline points="952,2295 996,2292 1041,2292 1086,2292 1131,2295 1176,2295 1220,2295 1265,2295 1310,2292 1355,2292 1399,2289 1444,2286 1489,2286 1534,2286 1578,2289 1623,2286 1668,2286 1713,2286 1758,2286 1802,2286"/>
                <TextEquiv>
                    <Unicode>cob Rousseau unter die Doktoren der Sorbonne.</Unicode>
                </TextEquiv>
            </TextLine>
            <TextLine id="r_22_tl_31" custom="readingOrder {index:30;}">
                <Coords points="947,2349 1796,2334 1785,2296 1622,2291 947,2311"/>
                <Baseline points="955,2334 993,2334 1038,2334 1083,2334 1128,2334 1173,2337 1217,2334 1262,2337 1307,2334 1352,2334 1396,2331 1441,2331 1486,2331 1531,2331 1575,2331 1620,2331 1665,2328 1710,2328 1755,2328 1799,2328"/>
                <TextEquiv>
                    <Unicode>Mich deucht, ich höre ein lautes Hohngelächter, und</Unicode>
                </TextEquiv>
            </TextLine>
            <TextLine id="r_22_tl_32" custom="readingOrder {index:31;}">
                <Coords points="947,2398 1101,2383 1220,2413 1374,2379 1508,2405 1792,2374 1768,2336 947,2349"/>
                <Baseline points="955,2381 990,2378 1035,2378 1080,2378 1125,2378 1170,2381 1214,2381 1259,2378 1304,2378 1349,2375 1393,2375 1438,2372 1483,2372 1528,2372 1573,2369 1617,2372 1662,2372 1707,2369 1752,2369 1796,2369"/>
                <TextEquiv>
                    <Unicode>hundert Stimmen rufen: Welche Phantasten!</Unicode>
                </TextEquiv>
            </TextLine>
            <TextLine id="r_22_tl_33" custom="readingOrder {index:32;}">
                <Coords points="1682,2423 1697,2431 1715,2424 1754,2438 1777,2424 1787,2434 1799,2429 1799,2381 1792,2382 1785,2375 1776,2381 1739,2376 1727,2382 1696,2379 1682,2385"/>
                <Baseline points="1689,2408 1734,2411 1778,2411 1802,2408"/>
                <TextEquiv>
                    <Unicode>Dieser</Unicode>
                </TextEquiv>
            </TextLine>
            <TextEquiv>
                <Unicode></Unicode>
            </TextEquiv>
        </TextRegion>
    </Page>
</PcGts>
