2479 3508
273 355 329 415 daß
358 357 437 417 mein
466 354 557 414 Auge
581 351 717 411 niemals
740 351 837 411 etwas
867 353 946 413 sehen
975 351 1089 411 sollte,
1112 353 1157 413 als
1186 354 1271 414 durch

272 404 322 464 den
356 401 517 461 Spiegel.
562 398 628 458 Ich
657 395 768 455 könnte
786 398 818 458 es
847 398 1086 458 verschließen,
1120 401 1175 461 und
1209 401 1270 461 nur

272 449 407 509 alsdenn
440 446 554 506 öfnen,
576 446 663 506 wenn
691 445 728 505 ich
756 445 804 505 ihm
848 449 896 509 den
924 447 1076 507 Spiegel
1093 449 1277 509 vorhielte:

272 497 418 557 Alsdenn
447 493 566 553 machte
588 493 626 553 ich
654 493 702 553 den
730 497 872 557 Spiegel
889 497 915 557 zu
949 494 1030 554 einer
1058 497 1276 557 Bedingung,

275 545 367 605 unter
389 542 514 602 welcher
537 542 574 602 ich
602 542 683 602 sehen
716 543 803 603 will:
831 545 923 605 Kann
956 542 1026 602 man
1066 545 1136 605 aber
1164 545 1277 605 sagen,

271 589 302 649 es
328 590 369 650 sey
402 590 458 650 mir
485 592 542 652 nun
574 590 651 650 nicht
673 592 787 652 anders
814 589 970 649 möglich,
1003 592 1033 652 zu
1060 592 1174 652 sehen,
1211 592 1268 652 und

272 639 350 699 mein
384 640 468 700 Auge
491 639 591 699 besitze
614 639 636 699 in
670 639 715 699 sich
743 639 832 699 selbst
850 637 911 697 nur
934 637 978 697 die
1001 638 1219 698 Möglichkeit
1237 640 1269 700 zu

281 687 394 747 sehen,
416 688 503 748 wenn
545 685 597 745 ihm
655 686 707 746 der
743 685 894 745 Spiegel
920 685 1127 745 vorgehalten
1170 685 1273 745 wird?

274 733 344 793 Die
370 736 471 796 Seele
492 734 603 794 denket
624 733 684 793 nun
716 733 903 793 vermittelst
929 733 973 793 des
1000 733 1177 793 Körpers;
1203 732 1278 792 weil

275 782 307 842 es
335 782 383 842 die
405 781 585 841 Gradation
618 783 666 843 der
689 778 885 838 Schöpfung
913 782 1075 842 erfodert,
1104 782 1163 842 daß
1196 780 1283 840 eini¬

275 831 312 891 ge
334 830 454 890 Classen
487 828 541 888 von
574 826 699 886 Geister
721 828 753 888 an
781 828 851 888 eine
874 828 1042 888 Materie,
1075 830 1118 890 als
1152 829 1189 889 an
1222 828 1270 888 ihr

274 877 428 937 Organon
460 876 619 936 gebunden
657 876 746 936 sind;
779 876 868 936 allein
906 876 953 936 der
986 876 1123 936 erhabne
1145 877 1272 937 Begrif

271 924 356 984 eines
387 924 544 984 einfachen
570 924 706 984 Dinges
732 921 838 981 würde
863 923 944 983 schon
980 924 1131 984 darunter
1157 924 1253 984 leiden

273 969 359 1029 wenn
389 972 429 1032 ich
453 969 500 1029 ihm
547 969 593 1029 die
611 972 727 1032 Kraft,
745 971 791 1031 sich
821 969 908 1029 selbst
926 972 1007 1032 ohne
1031 969 1217 1029 Beyhülfe,
1241 969 1264 1029 in

276 1015 467 1075 Thätigkeit
483 1016 509 1076 zu
541 1013 620 1073 setzen
653 1013 828 1073 absprechen
860 1013 987 1073 wollte,
1014 1017 1045 1077 da
1072 1019 1109 1079 ich
1136 1016 1172 1076 sie
1194 1016 1252 1076 nich

275 1061 403 1121 einmal
428 1058 570 1118 gewissen
606 1059 812 1119 körperlichen
843 1058 1050 1118 Substanzen
1085 1064 1276 1124 abspreche;

278 1108 407 1168 sondern
437 1106 567 1166 zugleich
590 1104 652 1164 mit
670 1103 754 1163 ihrer
779 1103 920 1163 Existenz
955 1106 1022 1166 auch
1051 1109 1119 1169 ihre
1143 1107 1261 1167 Thätig

273 1156 352 1216 keit,
370 1156 415 1216 die
440 1154 652 1214 Bewegung,
670 1153 761 1213 ihnen
790 1151 968 1211 zugestehe.

321 1201 400 1261 Das
429 1203 673 1263 Vorherdenken
702 1201 753 1261 der
777 1201 878 1261 Seele
902 1198 935 1258 ist
953 1201 1078 1261 freylich
1113 1201 1180 1261 eine
1204 1198 1277 1258 Sa¬

276 1252 349 1312 che,
372 1254 423 1314 die
446 1252 599 1312 entweder
629 1252 685 1312 aus
714 1252 759 1312 der
788 1249 1004 1309 Erfahrung,
1027 1249 1277 1309 Erinnerungs¬

275 1301 359 1361 kraft
380 1301 438 1361 und
465 1300 667 1360 Bewustseyn
694 1300 811 1360 dessen,
832 1300 883 1360 daß
910 1300 949 1360 ich
976 1300 1028 1360 von
1061 1300 1113 1360 der
1133 1300 1270 1360 Geburt
1304 1291 1336 1351 es
1363 1292 1558 1352 wenigstens
1592 1294 1657 1354 sehr
1684 1298 1965 1358 wahrscheinlich,
1992 1302 2044 1362 daß
2077 1303 2129 1363 die
2149 1303 2286 1363 Evochen

272 1351 402 1411 gedacht
425 1350 517 1410 habe,
534 1350 602 1410 oder
631 1349 694 1409 aus
723 1348 807 1408 einer
837 1351 1088 1411 unmittelbaren
1122 1348 1275 1408 Offenba¬

272 1397 354 1457 rung
383 1397 526 1457 bewiesen
555 1396 676 1456 werden
705 1399 799 1459 muß.
860 1398 976 1458 Beyde
999 1399 1260 1459 Beweisquellen

279 1443 380 1503 fehlen
405 1446 489 1506 uns.
532 1441 628 1501 Doch
652 1443 754 1503 wollte
773 1443 814 1503 ich
845 1443 929 1503 nicht
954 1446 1074 1506 sagen,
1099 1447 1134 1507 sie
1159 1447 1261 1507 fehlen

272 1491 338 1551 uns
361 1494 460 1554 ganz.
505 1490 571 1550 Ich
594 1494 672 1554 weis
695 1494 805 1554 nicht,
828 1491 861 1551 ob
889 1493 956 1553 man
990 1494 1073 1554 nicht
1090 1494 1173 1554 das,
1201 1494 1267 1554 was

272 1539 355 1599 viele
384 1539 567 1599 Weltweise
590 1539 645 1599 für
680 1541 869 1601 eingeborne
909 1542 1058 1602 Begriffe
1093 1541 1271 1601 ausgeben,

276 1587 339 1647 und
367 1588 430 1648 was
457 1589 573 1649 andre,
590 1588 653 1648 eine
674 1590 732 1650 auf
759 1589 806 1649 die
828 1587 918 1647 Welt
945 1590 1167 1650 mitgebrachte
1189 1589 1274 1649 Im¬

277 1631 407 1691 pression
434 1634 575 1694 gewisser
597 1634 727 1694 Dinge,
744 1631 879 1691 Triebe,
902 1634 1129 1694 Ahndungen,
1151 1634 1270 1694 Abnei¬

274 1677 424 1737 gungen,
440 1678 507 1738 oder
533 1676 767 1736 Wohlgefallen
794 1676 824 1736 an
856 1676 1120 1736 Gegenständen,
1142 1676 1188 1736 die
1210 1676 1266 1736 wir

273 1719 359 1779 nicht
379 1721 451 1781 erst,
466 1718 547 1778 durch
577 1719 668 1779 lange
693 1718 856 1778 Kenntniß
886 1718 1040 1778 belieben,
1060 1718 1209 1778 nennen,
1229 1716 1262 1776 ob

278 1766 360 1826 nicht
384 1764 449 1824 dies
473 1763 567 1823 alles,
591 1763 643 1823 aus
674 1763 755 1823 einem
803 1760 1104 1820 vorhergegangnen
1134 1760 1269 1820 Zustan=
1299 1754 1405 1814 Wenn
1435 1755 1505 1815 man
1535 1757 1558 1817 in
1594 1759 1647 1819 der
1671 1760 1771 1820 Seele
1801 1763 1883 1823 einen
1919 1769 2066 1829 optischen
2090 1769 2201 1829 Kasten
2232 1772 2290 1832 an¬

283 1858 466 1918 berbleibsel
484 1861 566 1921 einer
597 1861 738 1921 ehemals
769 1861 922 1921 gehabten
947 1859 1135 1919 Fertigkeit.
1177 1860 1265 1920 Eine

277 1912 363 1972 Unze
382 1912 440 1972 von
469 1912 556 1972 gutem
591 1912 684 1972 Witz,
702 1911 760 1971 und
790 1912 970 1972 sinnreicher
994 1911 1174 1971 Erfindung
1192 1911 1256 1971 wür

275 1960 308 2020 de
331 1960 408 2020 schon
442 1961 625 2021 zureichen,
643 1960 681 2020 um
726 1960 792 2020 dies
826 1960 1021 2020 vorgehabte
1044 1960 1177 2020 Denken
1216 1958 1266 2018 der

275 2005 377 2065 Seele
405 2009 459 2069 aus
492 2008 546 2068 dem
585 2008 731 2068 Beweise
759 2008 813 2068 des
846 2008 938 2068 Hrn.
961 2008 1069 2068 Prof.
1092 2008 1259 2068 Meiers

273 2055 329 2115 von
364 2056 414 2116 der
438 2055 699 2115 Unsterblichkeit
722 2055 773 2115 der
796 2055 904 2115 Seele
933 2055 1103 2115 herleiten.
1149 2053 1257 2113 Wenn

277 2104 346 2164 jede
375 2100 484 2160 Seele
508 2104 559 2164 sich
589 2104 640 2164 die
658 2103 750 2163 Welt
774 2101 831 2161 von
872 2103 952 2163 einer
988 2102 1126 2162 gewissen
1161 2102 1259 2162 Seite

277 2151 433 2211 vorstellen
470 2151 573 2211 muß,
610 2151 688 2211 diese
713 2148 828 2208 Seiten
865 2151 937 2211 aber
968 2148 1058 2208 ihren
1089 2151 1258 2211 Endzweck

271 2196 457 2256 verlieren,
480 2196 505 2256 so
533 2196 601 2256 bald
623 2196 708 2256 keine
730 2194 852 2254 Seelen
885 2198 1012 2258 gedacht
1039 2196 1188 2256 werden,
1215 2199 1263 2259 die

267 2288 316 2348 ten
345 2285 517 2345 rückwärts
540 2282 740 2342 geschlossen,
752 2288 829 2348 diese
852 2291 968 2351 Seiten
1008 2291 1152 2351 ehemals
1181 2291 1247 2351 auch

271 2336 354 2396 ohne
378 2331 503 2391 Zweck,
528 2330 604 2390 oder
629 2330 789 2390 moralisch
825 2338 891 2398 todt
915 2339 1051 2399 gewesen
1088 2339 1183 2399 seyn,
1207 2339 1254 2399 als

272 2482 366 2542 unsre
398 2479 517 2539 Seelen
561 2470 617 2530 von
656 2472 705 2532 der
737 2473 868 2533 Geburt
901 2480 950 2540 des
989 2480 1132 2540 Körpers
1164 2482 1227 2542 kein

262 2528 419 2588 wirkliche
438 2525 688 2585 Vorstellungen
719 2521 833 2581 gehabt
846 2527 980 2587 hâtten:
1011 2530 1041 2590 so
1066 2530 1151 2590 wäre
1182 2530 1248 2590 dies

262 2578 344 2638 schon
386 2576 480 2636 wider
511 2577 563 2637 den
593 2571 699 2631 Zweck
723 2567 776 2627 des
806 2574 989 2634 Schöpfers
1025 2578 1077 2638 bey
1108 2578 1255 2638 Hervor¬

255 2722 301 2782 sam
348 2721 394 2781 die
412 2718 574 2778 belebende
598 2718 720 2778 Seelen
750 2710 795 2770 der
820 2710 912 2770 Welt
930 2719 1005 2779 sind.
1052 2722 1122 2782 Die
1146 2723 1243 2783 ganze

257 2769 387 2829 Anzahl
405 2768 455 2828 von
490 2767 631 2827 Seelen,
643 2769 687 2829 die
711 2761 852 2821 niemals
875 2760 925 2820 zum
960 2766 1055 2826 Zweck
1079 2769 1123 2829 der
1147 2769 1237 2829 Welt

254 2820 435 2880 bestimmet
455 2819 598 2879 worden,
624 2820 736 2880 müssen
769 2814 825 2874 also
851 2811 919 2871 auch
945 2819 1076 2879 nimmer
1102 2822 1120 2882 in
1152 2820 1232 2880 ihrer

1306 346 1539 406 Wirksamkeit
1558 351 1690 411 gewesen
1716 354 1816 414 seyn,
1842 355 1917 415 weil
1930 352 2005 412 die,
2031 354 2125 414 ihnen
2157 360 2307 420 Verhält¬

1305 395 1477 455 nißmäßig
1501 398 1680 458 bestimmte
1698 401 1813 461 Seiten
1843 404 1900 464 und
1924 404 2016 464 Lagen
2046 401 2097 461 der
2115 404 2201 464 Welt
2219 410 2299 470 schon

1308 443 1368 503 seit
1388 443 1437 503 der
1462 443 1573 503 ganzen
1604 447 1802 507 Schöpfung
1827 454 1857 514 da
1888 454 2018 514 gewesen
2050 449 2129 509 sind.

1359 488 1473 548 Sonst
1497 491 1600 551 aber,
1623 495 1681 555 und
1710 497 1819 557 ohne,
1843 500 1894 560 daß
1929 503 1993 563 man
2028 500 2119 560 diesen
2149 497 2292 557 frostigen

1309 538 1442 598 Einfall
1459 537 1569 597 weiter
1587 543 1707 603 treibt;
1736 548 1813 608 sieht
1836 548 1930 608 wohl
1952 550 1996 610 ein
2030 551 2113 611 jeder
2141 548 2218 608 ein,
2247 551 2296 611 daß

1306 586 1353 646 die
1380 585 1575 645 moralischen
1607 589 1792 649 Endzwecke
1819 595 1903 655 eines
1925 598 2046 658 Geistes
2073 597 2146 657 weit
2168 595 2300 655 völliger

1311 634 1444 694 errechit
1471 634 1614 694 werden,
1636 636 1666 696 je
1687 640 1795 700 weiter
1822 643 1945 703 hinaus
1971 644 2048 704 seine
2069 646 2207 706 Existenz
2239 643 2295 703 und

1309 679 1541 739 Wirksamkeit
1558 684 1666 744 gesetzt
1682 688 1823 748 werden.
1877 691 1926 751 Je
1943 694 2056 754 länger
2078 694 2127 754 der
2149 694 2235 754 Geist
2257 691 2305 751 ge¬

1307 727 1400 787 dacht
1434 728 1511 788 hat,
1540 730 1717 790 destomehr
1750 736 1922 796 Endzweck
1956 739 2016 799 hat
2044 739 2093 799 der
2133 741 2299 801 Schöpfer

1309 774 1398 834 durch
1425 772 1472 832 ihn
1499 778 1711 838 ausgeführt.
1760 784 1859 844 Denn
1887 784 1934 844 bey
1961 786 2151 846 demjenigen
2179 789 2305 849 Zustan¬

1308 822 1343 882 de
1365 822 1452 882 eines
1478 823 1632 883 Geistes,
1658 828 1688 888 da
1715 825 1745 885 er
1766 830 1849 890 ohne
1870 832 1972 892 Ideen
1999 834 2060 894 und
2086 834 2292 894 Bewustseyn

1304 870 1363 930 ist,
1380 870 1455 930 wird
1477 871 1542 931 man
1575 873 1623 933 sich
1651 874 1715 934 doch
1743 877 1824 937 keine
1846 879 1976 939 andere,
1993 879 2041 939 als
2064 882 2225 942 hoͤchstens
2253 884 2306 944 lei¬

1304 918 1453 978 dentliche
1482 918 1598 978 Zwecke
1627 921 1743 981 denken
1777 926 1921 986 können.
1972 930 2043 990 Und
2077 930 2110 990 da
2144 929 2194 989 die
2217 930 2305 990 End¬

1308 963 1419 1023 zwecke
1446 964 1498 1024 der
1531 965 1626 1025 Welt
1648 966 1737 1026 durch
1769 969 1854 1029 freye
1881 972 2008 1032 Geister
2040 978 2130 1038 allein
2173 978 2299 1038 erreicht

1307 1007 1426 1067 werden
1460 1009 1603 1069 können:
1627 1008 1689 1068 aus
1713 1010 1842 1070 welchem
1881 1013 2019 1073 Grunde
2048 1022 2124 1082 kann
2158 1025 2225 1085 man
2263 1025 2292 1085 es

1309 1052 1384 1112 denn
1412 1055 1649 1115 vertheidigen,
1666 1055 1720 1115 daß
1748 1056 1807 1116 alle
1823 1058 1985 1118 Elemente
2008 1064 2066 1124 und
2089 1067 2218 1127 Atomen
2246 1070 2294 1130 der

1301 1097 1432 1157 Körper
1454 1100 1519 1160 viel
1536 1100 1667 1160 fruher,
1695 1103 1727 1163 da
1755 1103 1886 1163 nämlich
1914 1106 1968 1166 bey
2001 1109 2056 1169 der
2078 1109 2220 1169 Existenz
2247 1115 2296 1175 der

1309 1145 1513 1205 körperlichen
1542 1145 1629 1205 Welt
1647 1148 1718 1208 ihre
1735 1151 1961 1211 Wirksamkeit
1984 1154 2100 1214 gezeigt
2123 1157 2216 1217 haben
2244 1160 2299 1220 sol¬

1304 1193 1368 1253 len,
1385 1193 1433 1253 als
1456 1193 1504 1253 die
1526 1196 1661 1256 ungleich
1689 1198 1786 1258 edlern
1813 1203 2046 1263 Substanzen,
2068 1204 2116 1264 die
2139 1207 2290 1267 Seelen?

1304 1241 1379 1301 Die
1401 1243 1650 1303 vervielfältigte
1672 1249 1904 1309 Haushaltung
1932 1252 1980 1312 des
1997 1252 2175 1312 Schöpfers
2197 1255 2294 1315 macht

1300 1344 1384 1404 eines
1412 1342 1543 1402 Dinges
1571 1342 1596 1402 in
1624 1347 1708 1407 mehr
1735 1348 1984 1408 veränderlichen
2017 1351 2106 1411 Lagen
2139 1354 2196 1414 und
2218 1354 2297 1414 Ver¬

1303 1393 1466 1453 hältnissen
1498 1393 1640 1453 gedacht,
1657 1396 1725 1456 auch
1752 1398 1836 1458 mehr
1858 1399 2042 1459 Endzwecke
2063 1400 2121 1460 und
2148 1402 2295 1462 mannig¬

1301 1440 1447 1500 faltigere
1470 1440 1621 1500 Absichten
1655 1443 1703 1503 des
1731 1444 1861 1504 Ganzen
1900 1447 2025 1507 zuwege
2058 1449 2215 1509 bringen,
2243 1448 2286 1508 als

1295 1488 1385 1548 wenn
1411 1488 1471 1548 wir
1492 1488 1552 1548 uns
1578 1489 1704 1549 dieselbe
1730 1494 1785 1554 nur
1807 1494 1892 1554 spåt,
1908 1496 1963 1556 und
1989 1494 2014 1554 in
2045 1495 2125 1555 einer
2146 1494 2282 1554 einzigen

1295 1536 1364 1596 Art
1380 1536 1433 1596 des
1455 1536 1693 1596 Verhältnisses
1715 1539 1762 1599 als
1789 1542 1916 1602 wirksam
1954 1543 2139 1603 vorstellen.

1352 1579 1419 1639 Die
1438 1584 1679 1644 Empfindung,
1692 1587 1740 1647 das
1759 1590 1888 1650 Denken
1914 1590 1968 1650 und
1995 1590 2037 1650 die
2056 1593 2296 1653 Vorstellungs=

1297 1628 1380 1688 kraft
1401 1628 1518 1688 kommt
1548 1630 1607 1690 nur
1638 1631 1696 1691 auf
1721 1633 1765 1693 ein
1800 1631 1937 1691 gewisses
1963 1636 2061 1696 feines
2086 1637 2283 1697 Verhältnis

1291 1671 1386 1731 gegen
1418 1670 1463 1730 die
1487 1668 1706 1728 Körperwelt,
1720 1673 1765 1733 als
1788 1673 1878 1733 gegen
1907 1676 1947 1736 ein
1980 1679 2130 1739 Organon
2157 1679 2211 1739 an,
2230 1677 2293 1737 wo¬

1296 1712 1386 1772 durch
1419 1712 1527 1772 Ideen
1560 1712 1686 1772 erweckt
1719 1714 1777 1774 und
1814 1718 1950 1778 erhalten
1987 1721 2104 1781 werden
2146 1723 2286 1783 können.

279 1814 312 1874 de
333 1811 387 1871 des
408 1813 563 1873 Denkens
591 1811 706 1871 erklärt
728 1808 842 1868 werden
870 1809 1012 1869 könnte?
1040 1808 1087 1868 Es
1115 1808 1175 1868 sind
1210 1810 1270 1870 Ue=
1298 1805 1440 1865 nimmt,
1455 1806 1550 1866 worin
1578 1808 1678 1868 schon,
1693 1811 1740 1871 als
1768 1814 1787 1874 in
1822 1815 1903 1875 einer
1918 1818 2012 1878 Hülse
2033 1819 2073 1879 der
2094 1821 2188 1881 ganze
2209 1819 2290 1879 Vor¬

1299 1856 1366 1916 rath
1395 1856 1451 1916 von
1486 1861 1587 1921 Ideen
1616 1861 1661 1921 als
1684 1863 1712 1923 im
1752 1867 1882 1927 Kleinen
1911 1868 2006 1928 liegt,
2030 1870 2086 1930 und
2115 1873 2171 1933 nur
2194 1873 2278 1933 durch

1290 1905 1383 1965 eigne
1404 1909 1637 1969 Wirksamkeit
1664 1915 1835 1975 entwickelt
1862 1915 1934 1975 oder
1966 1915 2090 1975 wirksam
2142 1920 2282 1980 gemacht

1290 1954 1409 2014 werden
1441 1957 1533 2017 darf:
1555 1960 1585 2020 so
1607 1960 1642 2020 ist
1664 1960 1705 2020 die
1731 1965 1949 2025 Möglichkeit
1966 1963 2017 2023 des
2038 1963 2193 2023 Denkens
2225 1963 2276 2023 vor

1295 2003 1348 2063 der
1369 2002 1502 2062 Geburt
1524 2005 1592 2065 noch
1619 2011 1846 2071 begreiflicher.
1884 2014 1969 2074 Man
1996 2011 2107 2071 nehme
2129 2011 2197 2071 noch
2224 2011 2287 2071 hie¬

1290 2052 1345 2112 zu,
1361 2051 1411 2111 daß
1442 2051 1497 2111 wir
1518 2052 1563 2112 die
1589 2055 1808 2115 Connexionen
1839 2059 1970 2119 anderer
1991 2060 2112 2120 Geister
2139 2058 2194 2118 mit
2215 2058 2260 2118 dem

1295 2097 1480 2157 Unsrigen,
1502 2100 1559 2160 und
1597 2100 1655 2160 wie
1687 2103 1718 2163 sie
1751 2106 1893 2166 gleichsam
1936 2109 2020 2169 durch
2053 2109 2115 2169 eine
2137 2106 2279 2166 geheime

1293 2145 1446 2205 Zeugung
1478 2145 1536 2205 uns
1569 2146 1621 2206 zur
1642 2148 1774 2208 Uebung
1807 2152 1928 2212 unserer
1949 2157 2282 2217 Denkensfähigkeit,

1290 2193 1383 2253 haben
1409 2187 1565 2247 verhelfen
1592 2193 1733 2253 können,
1749 2196 1831 2256 nicht
1847 2199 1983 2259 läugnen
2010 2202 2144 2262 dörfen:
2166 2205 2192 2265 so
2213 2204 2280 2264 kön¬

277 2242 328 2302 sich
358 2240 415 2300 aus
438 2240 593 2300 denselben
623 2239 691 2299 ihre
709 2239 940 2299 Vorstellungen
969 2244 1101 2304 bilden-
1119 2243 1147 2303 so
1171 2245 1263 2305 müß=
1293 2240 1350 2300 nen
1379 2237 1425 2297 die
1443 2237 1638 2297 Influenzen
1667 2240 1817 2300 derselben
1853 2246 1904 2306 den
1933 2248 2077 2308 Mangel
2100 2249 2180 2309 eines
2216 2255 2278 2315 kör¬

1291 2288 1438 2348 perlichen
1467 2282 1597 2342 Organi
1614 2288 1716 2348 ersetzt
1739 2294 1857 2354 haben.

1332 2333 1411 2393 Der
1440 2333 1705 2393 Gottesgelehrte
1734 2340 1807 2400 wird
1836 2345 1886 2405 sich
1920 2345 1965 2405 die
1988 2349 2168 2409 Hypothese
2197 2353 2253 2413 vom

274 2384 368 2444 unsre
398 2378 515 2438 Seelen
551 2377 633 2437 nicht
658 2378 799 2438 denken,
823 2384 893 2444 oder
923 2387 970 2447 sich
1006 2387 1153 2447 dieselben
1190 2384 1260 2444 vor=
1284 2384 1425 2444 Denken
1455 2379 1514 2439 vor
1538 2381 1585 2441 der
1603 2385 1738 2445 Geburt
1756 2393 1785 2453 am
1827 2396 1975 2456 ieichtsten
2011 2399 2134 2459 gefallen
2170 2404 2281 2464 laßen,

271 2435 370 2495 stellen
403 2429 552 2489 konnten.
597 2423 659 2483 Da
684 2426 740 2486 nun
772 2431 834 2491 dies
860 2435 1016 2495 geschehen
1042 2435 1141 2495 wäre,
1161 2435 1248 2495 wenn
1287 2433 1323 2493 da
1349 2434 1386 2494 sie
1406 2431 1468 2491 uns
1493 2429 1536 2489 die
1562 2437 1756 2497 Vorstellung
1788 2446 1837 2506 von
1869 2444 1919 2504 der
1938 2446 2175 2506 Einwilligung
2208 2455 2263 2515 und

1281 2480 1335 2540 der
1357 2479 1564 2539 Zurechnung
1597 2481 1645 2541 des
1679 2491 1766 2551 Falls
1799 2494 1924 2554 Adams
1958 2497 2148 2557 erleichtert.
2192 2500 2268 2560 Wir

1278 2530 1402 2590 dachten
1428 2530 1552 2590 damals
1579 2531 1677 2591 schon,
1693 2537 1739 2597 als
1765 2542 1822 2602 vor
1843 2542 1899 2602 uns
1926 2545 2107 2605 bestehende
2128 2549 2185 2609 und
2206 2551 2262 2611 mit

1281 2578 1435 2638 Freyheit
1453 2576 1629 2636 handelnde
1646 2585 1779 2645 Wesen.
1824 2590 1901 2650 Wir
1924 2590 2045 2650 wüßten
2073 2596 2128 2656 das
2151 2599 2266 2659 Gesetz,

263 2626 422 2686 bringung
450 2623 529 2683 einer
550 2623 655 2683 Welt,
676 2617 722 2677 die
743 2614 829 2674 ohne
850 2620 969 2680 Geister
990 2626 1075 2686 nicht
1096 2626 1142 2686 zur
1169 2629 1249 2689 Exi=
1283 2625 1343 2685 wir
1383 2627 1575 2687 bestimmten
1616 2630 1709 2690 unsee
1729 2637 1849 2697 Wahl.
1910 2635 1989 2695 Wir
2023 2646 2255 2706 misbrauchten

252 2673 335 2733 stenz
355 2670 501 2730 gebracht
521 2670 642 2730 werden
669 2664 764 2724 kann,
791 2661 880 2721 indem
919 2666 963 2726 die
983 2673 1111 2733 Geister
1131 2673 1239 2733 gleich=
1278 2675 1367 2735 unsre
1387 2672 1553 2732 Freyheit.
1599 2675 1675 2735 Wir
1695 2684 1842 2744 willigten
1869 2685 1958 2745 durch
1984 2688 2073 2748 freye
2099 2693 2156 2753 und
2189 2693 2265 2753 vor¬

1278 2722 1331 2782 her
1352 2721 1442 2781 wohl
1458 2718 1642 2778 überdachte
1659 2728 1764 2788 Wahl
1781 2731 1807 2791 in
1839 2735 1886 2795 die
1913 2736 1987 2796 erste
2009 2736 2262 2796 Uebertretung.

1266 2769 1343 2829 Wir
1366 2769 1427 2829 sind
1450 2764 1510 2824 also
1533 2770 1594 2830 mit
1611 2776 1711 2836 Recht
1728 2780 1878 2840 gestraft,
1890 2784 1972 2844 nicht
1995 2782 2028 2842 um
2068 2784 2150 2844 einer
2184 2784 2262 2844 still¬

1271 2818 1502 2878 schweigenden
1535 2821 1592 2881 und
1625 2830 1870 2890 nachfolgenden
1909 2834 2173 2894 Einwilligung,
2193 2832 2263 2892 son=

2167 2882 2249 2942 dern
