2479 3508
568 1203 690 1263 74tes
737 1202 905 1262 Stück.
975 1204 1204 1264 Montag,
1235 1204 1303 1264 den
1350 1201 1426 1261 15.
1457 1201 1648 1261 October
1687 1201 1832 1261 1764.

573 1270 770 1330 Berlin.

186 1327 461 1387 Sammlung
486 1324 539 1384 der
564 1324 653 1384 besten
685 1324 744 1384 und
769 1324 912 1384 neuesten
937 1321 1183 1381 Reisebeschrei=
1214 1323 1292 1383 bing
1322 1324 1382 1384 und
1412 1323 1526 1383 Mitau
1551 1323 1568 1383 4
1593 1321 1634 1381 fl.

268 1374 463 1434 "bungen
505 1371 530 1431 in
577 1372 664 1432 einem
727 1372 969 1432 ausführlichen
1010 1369 1185 1429 Auszuge,

160 1424 357 1484 worinnen
389 1422 457 1482 eine
488 1419 613 1479 genaue
634 1419 816 1479 Nachricht
843 1419 900 1479 von
937 1418 988 1478 der
1009 1416 1191 1476 Religion,

160 1467 622 1527 „Regierungsverfassung,
649 1467 861 1527 Handlung,
883 1467 1042 1527 Sitten,
1064 1464 1180 1524 natür=

160 1521 277 1581 "lichen
304 1519 516 1579 Geschichte,
553 1518 616 1578 und
649 1518 766 1578 andern
804 1515 1058 1575 merkwürdigen
1090 1512 1180 1572 Din¬

160 1562 241 1622 gen
279 1569 496 1629 verschiedner
518 1568 637 1628 Länder
670 1566 734 1626 und
757 1566 876 1626 Völker
909 1563 1044 1623 gegeben
1077 1563 1174 1623 wird.

197 1622 262 1682 Aus
290 1619 339 1679 dem
379 1619 632 1679 Engländischen
666 1616 826 1676 übersetzt.
877 1614 1030 1674 Zweyter
1053 1613 1174 1673 Band.

161 1664 271 1724 „Mit
305 1675 402 1735 vielen
442 1673 611 1733 nützlichen
651 1670 834 1730 Kupfern,
861 1670 912 1730 gr.
939 1667 1030 1727 8vo,
1057 1667 1173 1727 1764,

170 1715 211 1775 „1
236 1727 397 1787 Alphabet
416 1725 427 1785 6
464 1727 524 1787 und
554 1727 566 1787 1
596 1724 704 1784 halber
729 1721 866 1781 Bogen.
951 1719 1059 1779 Diese
1090 1719 1179 1779 Aus=

162 1778 244 1838 züge
268 1778 485 1838 beschriebner
503 1775 650 1835 Reisen,
680 1775 732 1835 von
762 1776 856 1836 denen
892 1774 944 1834 der
974 1772 1050 1832 erste
1068 1772 1167 1832 Band

157 1822 185 1882 im
232 1821 438 1881 vergangnen
467 1819 579 1879 Jahre
603 1817 819 1877 hervortrat,
843 1819 983 1879 scheinen
1022 1818 1087 1878 eine
1111 1817 1176 1877 sehr

157 1867 312 1927 nützliche
339 1865 468 1925 Anstalt
495 1864 525 1924 zu
562 1861 660 1921 seyn,
692 1861 744 1921 den
780 1861 889 1921 Lesern
921 1858 993 1918 gute
1025 1855 1180 1915 Reisebe¬

166 1966 314 2026 wodurch
338 1960 431 2020 ihnen
459 1957 531 2017 denn
564 1954 691 2014 manche
714 1954 823 2014 Mühe
847 1953 984 2013 unnütze
1001 1951 1117 2011 Dinge
1140 1949 1167 2009 zu

159 2020 268 2080 lesen,
292 2012 419 2072 erspart
443 2008 546 2068 wird.
600 2005 674 2065 Die
704 2005 779 2065 gute
809 2005 912 2065 Wahl
942 2002 983 2062 ist
1012 1999 1069 2059 also
1105 1998 1179 2058 vor¬

159 2067 315 2127 nehmlich
351 2058 402 2118 bey
438 2055 537 2115 diesen
572 2054 688 2114 Buche
718 2055 747 2115 zu
782 2053 997 2113 empfehlen;
1039 2050 1102 2110 und
1132 2049 1166 2109 an

155 2116 210 2176 der
233 2112 417 2172 bisherigen
451 2106 551 2166 finden
586 2106 647 2166 wir
675 2106 775 2166 nichts
810 2105 1033 2165 auszusetzen.
1083 2100 1166 2160 Was

157 2163 374 2223 insbesondre
407 2157 505 2217 diesen
538 2159 673 2219 zweyten
706 2157 803 2217 Band
837 2154 1004 2214 anlangt,
1033 2151 1081 2211 der
1108 2150 1173 2210 ent¬

158 2216 233 2276 hält
261 2211 472 2271 Nachrichten
505 2208 564 2268 aus
597 2208 672 2268 allen
710 2205 780 2265 drey
819 2205 953 2265 Theilen
997 2202 1051 2262 der
1084 2202 1159 2262 alten

160 2265 273 2325 Welt.
316 2261 436 2321 Zuerst
455 2258 533 2318 steht
552 2256 599 2316 die
624 2254 822 2314 Fortsetzung
848 2255 907 2315 und
932 2254 985 2314 der
1010 2252 1160 2312 Beschluß

156 2312 217 2372 von
252 2313 422 2373 Hanweys
457 2308 558 2368 Reise
593 2303 661 2363 nach
696 2305 831 2365 Persien
877 2304 956 2364 über
991 2300 1166 2360 Rußland.

159 2366 309 2426 Alsdenn
345 2361 431 2421 folgt
461 2357 524 2417 eine
548 2351 780 2411 Norwegische
798 2354 1082 2414 Naturgeschichte
1111 2348 1168 2408 des

151 2414 249 2474 Hrn.
279 2411 505 2471 Prokanzlers
540 2401 801 2461 Pontoppidan.
877 2402 952 2462 Den
999 2399 1161 2459 Beschluß

162 2461 265 2521 macht
289 2458 427 2518 Nordes
457 2451 555 2511 Reise
585 2449 677 2509 durch
712 2455 874 2515 Aegypten
921 2451 984 2511 und
1014 2449 1169 2509 Nubien.

160 2511 231 2571 Die
256 2509 394 2569 vielen
431 2502 599 2562 nützlichen
636 2500 786 2560 Kupfer,
811 2503 859 2563 die
890 2500 949 2560 auf
974 2497 1028 2557 dem
1077 2496 1167 2556 Titel

154 2557 363 2617 angepriesen
387 2553 532 2613 werden,
562 2548 683 2608 machen
713 2551 776 2611 nur
800 2551 811 2611 1
842 2551 899 2611 und
923 2549 939 2609 1
963 2546 1079 2606 halben
1103 2545 1172 2605 Bo¬

157 2612 211 2672 gen
243 2607 317 2667 aus.
367 2602 459 2662 Man
484 2600 557 2660 muß
583 2597 644 2657 also
669 2597 731 2657 hier
756 2602 811 2662 das
836 2599 941 2659 Wort
960 2596 1046 2656 viel
1071 2596 1169 2656 unge¬

155 2660 234 2720 fähr
254 2656 277 2716 in
315 2653 401 2713 einer
432 2650 542 2710 solchen
575 2646 771 2706 Bedeutung
803 2649 968 2709 nehmen,
994 2646 1043 2706 als
1074 2643 1160 2703 jener
1198 2641 1314 2701 Hälfte
1345 2641 1432 2701 jener
1457 2649 1770 2709 Aufmerksamkeit,
1802 2642 1851 2702 die
1877 2643 1913 2703 du
1951 2646 2092 2706 ehemals
2123 2650 2209 2710 nicht

156 2712 221 2772 alte
244 2701 452 2761 Philosoph,
475 2697 533 2757 von
565 2694 689 2754 welchem
735 2700 846 2760 Cicero
869 2697 1017 2757 erzählt,
1047 2694 1098 2754 der
1121 2693 1157 2753 da

158 2760 375 2820 behauptete,
412 2750 506 2810 drey
544 2745 630 2805 wáre
652 2745 768 2805 viel,
797 2751 899 2811 darum
951 2748 1030 2808 weil
1060 2745 1153 2805 drey

154 2815 270 2875 mehr
299 2807 387 2867 wäre
415 2802 470 2862 als
499 2797 636 2857 zwey;
664 2796 773 2856 mehr
802 2799 877 2859 aber
906 2802 987 2862 faßte
1016 2799 1042 2859 ja
1071 2796 1166 2856 noth¬

157 2865 290 2925 wendig
322 2860 369 2920 den
409 2852 550 2912 Begriff
566 2849 660 2909 viel
692 2848 715 2908 in
748 2849 825 2909 sich.
859 2855 1015 2915 „Kostet
1040 2851 1070 2911 in
1111 2849 1157 2909 der
1205 2844 1401 2904 verzeihen,
1425 2849 1472 2909 die
1488 2851 1536 2911 ich
1560 2848 1646 2908 gegen
1678 2844 1740 2904 dich
1765 2844 1851 2904 reden
1875 2845 1992 2905 werde.
2033 2844 2087 2904 Du
2119 2846 2213 2906 wirst

1210 1275 1423 1335 Kanterschen
1453 1273 1719 1333 Buchhandlung
1743 1273 1885 1333 allhier,
1915 1276 1979 1336 wie
2010 1279 2074 1339 auch
2110 1276 2139 1336 in
2169 1276 2222 1336 El¬

1513 1394 1697 1454 Folgendes
1728 1393 1912 1453 Schreiben

1269 1455 1404 1515 eines
1445 1458 1634 1518 Vaters
1683 1457 1737 1517 an
1786 1460 1934 1520 seinen
1983 1464 2165 1524 Sohn,

1384 1519 1442 1579 der
1462 1521 1488 1581 in
1522 1521 1600 1581 üble
1627 1521 1837 1581 Gesellschaft
1864 1524 2041 1584 gerathen,

1214 1566 1250 1626 ist
1268 1570 1313 1630 uns
1341 1569 1386 1629 von
1414 1572 1573 1632 vornehmer
1597 1572 1673 1632 Hand
1707 1572 1751 1632 aus
1770 1572 1883 1632 Curland
1911 1575 2062 1635 eingesandt
2085 1575 2203 1635 worden.

1318 1688 1425 1748 Mein
1451 1688 1571 1748 liebster
1597 1688 1724 1748 Sohn,

1214 1767 1367 1827 Seitdem
1411 1768 1445 1828 du
1481 1767 1536 1827 auf
1565 1766 1614 1826 der
1636 1766 1726 1826 Welt
1755 1766 1839 1826 bist,
1868 1767 1944 1827 darf
1966 1766 2008 1826 ich
2044 1766 2107 1826 mir
2128 1769 2212 1829 nicht

1208 1814 1413 1874 vorwerfen,
1424 1817 1449 1877 im
1491 1816 1665 1876 geringsten
1692 1817 1789 1877 wider
1815 1817 1861 1877 die
1877 1817 2134 1877 Verbindungen
2160 1819 2211 1879 der

1206 1856 1442 1916 Freundschaft
1459 1859 1633 1919 gehandelt
1649 1858 1679 1918 zu
1706 1861 1834 1921 haben,
1871 1864 1917 1924 die
1943 1862 1979 1922 ich
2016 1864 2077 1924 mit
2098 1866 2144 1926 dir
2170 1864 2221 1924 er¬

167 1915 390 1975 schreibungen
416 1911 448 1971 zu
474 1909 614 1969 liefern,
640 1906 698 1966 und
724 1906 761 1966 sie
788 1906 921 1966 zugleich
954 1903 1177 1963 abzukürzen,
1204 1900 1356 1960 richtete,
1383 1900 1433 1960 als
1453 1902 1497 1962 ich
1523 1901 1567 1961 dir
1593 1903 1644 1963 das
1670 1903 1766 1963 Leben
1792 1903 1875 1963 gab.
1926 1907 2047 1967 Deine
2080 1912 2220 1972 aufriche

1196 1946 1261 2006 tige
1283 1948 1491 2008 Gegenliebe
1513 1948 1578 2008 war
1601 1948 1649 2008 die
1672 1948 1879 2008 Belohnung
1902 1951 2022 2011 dafür,
2050 1955 2109 2015 und
2143 1959 2213 2019 ihre

1199 1996 1413 2056 Erinnerung
1442 1994 1482 2054 ist
1499 1995 1533 2055 es
1562 1996 1651 2056 noch.
1703 1996 1777 2056 Die
1805 1996 1981 2056 Beweise,
2010 2001 2054 2061 die
2083 2004 2128 2064 ich
2157 2009 2207 2069 dir

1204 2044 1260 2104 von
1289 2043 1407 2103 meiner
1430 2043 1639 2103 Zärtlichkeit
1656 2045 1741 2105 gab,
1764 2046 1871 2106 waren
1900 2046 1961 2106 mir
1985 2046 2006 2106 so
2035 2054 2210 2114 natürlich,

1200 2097 1257 2157 daß
1281 2094 1344 2154 sie,
1368 2094 1437 2154 auch
1467 2094 1548 2154 ohne
1572 2094 1658 2154 deine
1682 2095 1763 2155 Art,
1787 2095 1827 2155 sie
1850 2097 2117 2157 aufzunehmen,
2141 2106 2204 2166 mir

1202 2145 1261 2205 von
1291 2142 1379 2202 selbst
1398 2143 1527 2203 würden
1558 2145 1747 2205 entschlüpft
1766 2148 1853 2208 seyn.
1902 2147 1966 2207 Ich
1997 2148 2043 2208 bin
2074 2151 2121 2211 dir
2145 2155 2203 2215 also

1202 2196 1253 2256 den
1289 2193 1509 2253 angenehmen
1544 2196 1636 2256 Trost
1666 2199 1828 2259 schuldig,
1857 2199 1909 2259 den
1938 2199 1979 2259 ich
2014 2200 2071 2260 aus
2107 2205 2199 2265 ihnen

1207 2243 1343 2303 schöpfe,
1357 2243 1414 2303 und
1441 2246 1493 2306 den
1519 2248 1558 2308 ich
1578 2248 1636 2308 ohn
1669 2249 1819 2309 Eitelkeit
1839 2249 1897 2309 mir
1924 2252 1969 2312 zum
2015 2252 2112 2312 Ruhm
2152 2256 2203 2316 an¬

1198 2294 1331 2354 rechneu
1360 2291 1448 2351 darf.

1250 2345 1341 2405 Nach
1373 2342 1470 2402 diesem
1514 2348 1716 2408 Eingange,
1754 2350 1808 2410 der
1840 2351 1894 2411 der
1920 2351 1999 2411 beste
2030 2354 2195 2414 Lobspruch

1205 2395 1308 2455 deines
1332 2393 1476 2453 Herzens
1506 2396 1564 2456 ist,
1593 2402 1755 2462 erwartest
1779 2399 1813 2459 du
1843 2402 1993 2462 vielleicht
2017 2402 2121 2462 nicht,
2144 2406 2202 2466 daß

1196 2444 1239 2504 ich
1267 2442 1356 2502 einen
1379 2444 1544 2504 traurigen
1573 2448 1639 2508 Ton
1667 2452 1878 2512 annehmen,
1911 2449 1972 2509 und
2006 2449 2083 2509 über
2117 2450 2205 2510 deine

1201 2491 1414 2551 Aufführung
1440 2497 1546 2557 Klage
1565 2500 1677 2560 führen
1709 2500 1828 2560 werde.
1879 2495 1947 2555 Ja,
1973 2497 2054 2557 mein
2080 2500 2204 2560 Sohn,

1203 2544 1244 2604 ich
1269 2541 1334 2601 muß
1365 2543 1442 2603 über
1461 2545 1520 2605 dich
1552 2551 1683 2611 klagen;
1708 2549 1749 2609 ich
1774 2546 1840 2606 sehe
1864 2545 1937 2605 mich
1967 2545 2033 2605 dazu
2063 2549 2201 2609 gedrun¬

1196 2593 1282 2653 gen;
1311 2589 1368 2649 und
1392 2592 1473 2652 bitte
1491 2596 1548 2656 von
1578 2602 1623 2662 dir
1653 2597 1705 2657 für
1734 2596 1837 2656 meine
1855 2593 2040 2653 Vorwürfe
2070 2598 2132 2658 nur
2156 2601 2202 2661 die

1198 2692 1255 2752 für
1289 2693 1464 2753 zulänglich
1505 2700 1556 2760 für
1590 2700 1714 2760 meinen
1747 2693 1930 2753 geringsten
1963 2696 2054 2756 Rath
2094 2700 2198 2760 gehal

1200 2740 1245 2800 ten
1286 2742 1422 2802 hättest.

1250 2793 1366 2853 Zuerst
1387 2796 1458 2856 aber
1479 2799 1596 2859 ersuche
1623 2793 1668 2853 ich
1701 2792 1792 2852 dich,
1813 2791 1877 2851 mir
1911 2792 1956 2852 die
1983 2793 2140 2853 Sprache
2167 2798 2198 2858 zu

2104 2897 2207 2957 leicht
