2479 3508
188 380 472 440 Schüchternheit
497 369 552 429 vor
578 367 824 427 Ergötzlichkeit
850 364 898 424 den
936 365 1109 425 Vorwand
1147 366 1202 426 der

190 431 345 491 Religion
379 421 568 481 ergreifen,
591 416 651 476 und
691 413 745 473 von
785 415 834 475 dem
885 415 1018 475 Tanze,
1046 415 1085 475 ich
1119 413 1201 473 weis

181 478 266 538 nicht
289 476 414 536 welchen
449 465 603 525 Schaden
632 464 683 524 für
712 464 768 524 das
792 467 871 527 Heil
895 464 945 524 der
969 465 1071 525 Seele
1106 464 1208 524 fürch¬

185 527 258 587 ten.
304 522 366 582 So
401 518 491 578 wohl
515 512 673 572 gemeynt
697 512 770 572 ihre
799 515 923 575 Absicht
947 515 1008 575 ist,
1038 515 1060 575 so
1094 513 1202 573 wenig

193 577 264 637 darf
281 574 353 634 man
381 569 431 629 sich
459 566 525 626 doch
553 566 685 626 dadurch
708 563 857 623 schrecken
886 563 995 623 laßen.
1030 566 1096 626 Ich
1124 563 1201 623 habe

183 623 300 683 bereits
327 619 353 679 im
391 616 551 676 vorigen,
578 613 604 673 in
637 613 732 673 sofern
765 613 806 673 ich
834 613 903 673 hier
930 613 983 673 vom
1026 612 1137 672 Tanze
1159 608 1207 668 re¬

187 676 234 736 de,
256 670 309 730 den
341 664 538 724 Misbrauch
570 661 799 721 abgesondert.
848 666 969 726 Nichts
996 664 1097 724 bleibt
1119 661 1209 721 dem¬

184 723 254 783 nach
282 716 390 776 weiter
423 715 542 775 übrig,
575 713 629 773 als
662 712 688 772 zu
728 714 912 774 bedingen,
940 713 993 773 daß
1032 714 1102 774 man
1141 709 1194 769 sich

185 772 238 832 des
270 766 428 826 erlaubten
461 763 587 823 Tanzes
625 762 682 822 mit
715 760 799 820 einer
837 763 1032 823 Mäßigung
1065 761 1202 821 gebrau¬

188 819 255 879 chen
289 813 374 873 solle.
426 810 499 870 Die
522 810 737 870 Klugheit
766 811 800 871 ist
829 810 907 870 schon
942 810 1055 870 unsern
1084 807 1208 867 Pflich¬

178 870 229 930 ten
260 865 317 925 zur
339 860 545 920 Begleiterin
582 861 805 921 zugeordnet,
837 861 898 921 wie
925 861 1085 921 vielmehr
1117 858 1199 918 nicht

184 916 291 976 unsern
330 911 640 971 Vergnügungen?
673 909 863 969 Uebrigens
891 909 928 969 ist
956 909 988 969 es
1026 909 1097 969 noch
1135 906 1200 966 nie¬

186 968 267 1028 mals
300 960 485 1020 erwiesen,
518 962 577 1022 daß
610 960 653 1020 die
687 960 844 1020 Religion
883 960 958 1020 alles
992 960 1192 1020 Vergnügen

184 1016 340 1076 aufheben
373 1013 482 1073 sollte;
509 1010 568 1070 und
597 1010 634 1070 sie
651 1010 726 1070 kann
754 1010 785 1070 es
819 1010 905 1070 nicht
928 1007 1014 1067 ohne
1042 1007 1101 1067 das
1123 1006 1204 1066 We¬

189 1067 230 1127 sen
261 1065 309 1125 der
328 1062 594 1122 Menschlichkeit
613 1063 837 1123 aufzuheben.
862 1061 970 1121 Wenn
1001 1058 1049 1118 die
1068 1058 1200 1118 Schrift

190 1120 245 1180 sich
271 1119 294 1179 an
328 1118 375 1178 dem
418 1118 498 1178 einen
523 1117 596 1177 Orte
622 1115 791 1175 allgemein
817 1111 1052 1171 auszudrücken
1070 1109 1182 1169 scheint

813 1210 1123 1270 Danfanre

845 1258 1040 1318 dordon

909 1305 1061 1365 1764.

1244 362 1272 422 so
1295 361 1441 421 schränkt
1470 359 1510 419 sie
1539 357 1589 417 sich
1623 357 1719 417 dafür
1753 360 1787 420 an
1828 360 1878 420 dem
1924 360 2042 420 andern
2083 360 2155 420 ein;
2196 360 2257 420 und

1242 413 1317 473 alles
1344 407 1718 467 zusammengehalten,
1740 409 1827 469 folgt
1860 407 1929 467 blos
1962 405 1989 465 so
2023 408 2108 468 viel,
2136 408 2190 468 daß
2223 409 2260 469 sie

1245 461 1303 521 uns
1330 461 1424 521 gegen
1452 458 1604 518 weltliche
1626 458 1885 518 Lustbarkeiten,
1907 456 1969 516 mit
1991 458 2075 518 einem
2118 458 2255 518 gewissen

1245 509 1435 569 Argwohne
1462 506 1620 566 waffnet,
1653 506 1785 566 welcher
1812 506 1880 566 eben
1923 506 2007 566 einen
2040 508 2140 568 Theil
2167 509 2267 569 derje¬

1239 560 1331 620 nigen
1364 560 1527 620 Klugheit
1544 554 1734 614 ausmacht,
1751 554 1805 614 von
1839 554 1887 614 der
1910 554 1947 614 ich
1975 557 2105 617 geredet
2128 557 2225 617 habe.

1290 604 1349 664 So
1380 607 1480 667 lange
1516 604 1666 664 demnach
1707 604 1912 664 Unordnung
1953 604 2013 664 und
2049 605 2254 665 Uebermaße

1238 658 1418 718 vermieden
1450 652 1595 712 werden,
1616 655 1636 715 so
1663 655 1755 715 lange
1781 652 1827 712 die
1843 652 2019 712 Vernunft
2035 652 2107 712 ihre
2128 653 2252 713 gebüh¬

1237 708 1331 768 rende
1354 706 1548 766 Herrschaft
1565 703 1760 763 behauptet,
1777 702 1799 762 so
1827 700 1894 760 sehe
1917 703 1955 763 ich
1983 700 2089 760 keinen
2117 703 2261 763 Grund,

1237 757 1347 817 warum
1393 755 1458 815 man
1489 751 1569 811 nicht
1590 752 1645 812 den
1671 753 1761 813 Tanz
1782 748 1932 808 sowohl,
1968 750 2013 810 als
2039 751 2124 811 jedes
2150 751 2250 811 andre

1243 804 1476 864 Vergnügen,
1498 801 1547 861 sich
1580 801 1759 861 erlauben,
1781 800 1868 860 durch
1901 798 1966 858 eine
1994 798 2021 858 so
2054 799 2249 859 zuträgliche

1243 853 1432 913 Bewegung
1460 851 1547 911 seine
1569 849 1710 909 Glieder
1732 849 1868 909 stärken,
1896 847 1955 907 und
1983 844 2032 904 der
2059 849 2249 909 Einladung

1233 907 1278 967 der
1304 903 1445 963 Natur,
1471 900 1556 960 wenn
1587 900 1622 960 sie
1648 900 1708 960 uns
1734 900 1809 960 dazu
1840 898 1931 958 durch
1967 897 2053 957 einen
2084 899 2235 959 gesunden

1239 956 1369 1016 Zustand
1398 954 1448 1014 der
1472 951 1579 1011 Säfte
1602 951 1811 1011 auffordert,
1835 950 1936 1010 folgen
1971 944 2084 1004 dörfte.

1284 1001 1361 1061 Wir
1384 1003 1500 1063 theilen
1539 1001 1671 1061 zugleich
1711 1001 1805 1061 denen
1839 998 2032 1058 Liebhabern
2066 996 2121 1056 des
2155 995 2248 1055 Tan¬

1238 1057 1283 1117 zes
1312 1055 1386 1115 heut
1404 1055 1444 1115 12
1473 1054 1640 1114 Englische
1664 1055 1789 1115 Tänze,
1802 1053 1858 1113 mit
1882 1052 1974 1112 denen
2003 1052 2095 1112 dabey
2124 1049 2244 1109 befind¬

1235 1109 1311 1169 liche
1337 1106 1599 1166 Chorographien
1638 1106 1714 1166 mit.
