2479 3508
427 366 623 426 Berlin,
647 363 693 423 den
734 360 795 420 11.
820 358 937 418 Sept.

223 425 317 485 Zwey
356 416 501 476 nützliche
533 410 728 470 Mitglieder
760 410 817 470 des
849 410 1013 470 gemeinen
1045 407 1183 467 Wesens

172 474 231 534 sind
261 469 344 529 schon
375 467 404 527 im
446 460 541 520 ersten
571 458 737 518 Viertheil
767 459 868 519 dieses
893 461 1041 521 Monats
1071 456 1183 516 allhier

174 524 201 584 in
230 520 279 580 die
307 514 468 574 Ewigkeit
480 508 669 568 gegangen.
692 509 792 569 Denn
826 507 876 567 den
904 509 970 569 3ten
993 509 1087 569 dieses
1110 506 1181 566 starb

164 571 281 631 allhier
304 563 376 623 Hr.
393 557 544 617 Andreas
567 554 667 614 Peter
696 556 723 616 le
746 557 846 617 Gvai
863 560 1114 620 Premontval,
1137 554 1193 614 or¬

169 612 338 672 dentliches
379 605 537 665 Mitglied
572 606 623 666 der
663 607 799 667 hiesigen
839 610 980 670 Königl.
1010 607 1185 667 Akademie

164 664 219 724 der
242 655 503 715 Wissenschaften
531 655 558 715 in
587 655 642 715 der
664 658 937 718 philosophischen
965 657 1087 717 Classe,
1110 652 1187 712 wel¬

169 712 233 772 cher
255 709 303 769 sich
337 706 423 766 durch
456 703 602 763 körnigte
624 703 792 763 Schriften
825 706 1020 766 rühmlichst
1042 703 1182 763 bekannt

172 757 312 817 gemacht
334 754 403 814 hat,
415 754 479 814 nach
512 754 598 814 einer
620 754 793 814 14tägigen
816 754 999 814 Krankheit
1010 754 1036 814 im
1070 752 1172 812 49sten

161 806 256 866 Jahr
283 801 379 861 seines
406 800 545 860 Alters;
577 798 630 858 den
658 801 732 861 7ten
770 801 844 861 aber
877 801 978 861 dieses
1005 798 1095 858 gieng
1128 797 1181 857 der

158 854 269 914 wegen
301 849 401 909 seiner
428 846 654 906 theoretischen
682 849 988 909 Ackerbauschriften
1025 849 1093 909 sehr
1126 846 1194 906 be-
1216 844 1348 904 kranken
1380 840 1522 900 Viehes,
1544 840 1681 900 nachher
1708 843 1829 903 nimmt
1856 843 1924 903 man
1962 843 2035 903 auch
2068 843 2141 903 noch
2178 843 2220 903 ein

164 903 280 963 kannte
303 899 447 959 Königl.
464 897 798 957 Land=Cammerrath
826 900 892 960 Hr.
910 900 1015 960 Peter
1038 899 1181 959 Kretsch¬

162 954 229 1014 mer
253 954 281 1014 im
321 951 423 1011 71sten
458 951 549 1011 Jahr
572 954 669 1014 seines
699 951 806 1011 Alters
830 951 892 1011 mit
915 948 1006 1008 Tode
1024 951 1080 1011 ab.

413 1013 645 1073 Breslau,
681 1013 731 1073 den
766 1013 828 1073 20.
845 1013 936 1073 Aug.

211 1064 366 1124 Nachdem
405 1064 455 1124 sich
483 1064 533 1124 den
567 1064 655 1124 16ten
683 1064 783 1124 dieses
811 1061 861 1121 des
889 1064 1016 1124 Abends
1045 1061 1083 1121 ein
1106 1057 1183 1117 star¬

169 1113 217 1173 kes
245 1114 369 1174 Blitzen
397 1114 456 1174 und
490 1112 652 1172 Donnern
680 1111 733 1171 bey
762 1112 831 1172 eben
859 1112 946 1172 nicht
963 1112 1071 1172 heisser
1099 1106 1185 1166 Wit¬

163 1164 276 1224 terung
308 1160 540 1220 eingefunden,
568 1160 593 1220 so
619 1157 675 1217 hat
702 1160 795 1220 man,
816 1160 955 1220 nachdem
1003 1160 1101 1220 dieses
1132 1155 1168 1215 al

168 1210 209 1270 les
240 1204 353 1264 vorbey
380 1206 431 1266 des
457 1204 591 1264 Abends
612 1201 757 1261 zwischen
783 1204 798 1264 9
834 1204 896 1264 und
933 1204 968 1264 10
1005 1207 1072 1267 Uhr
1109 1204 1175 1264 eine

163 1253 263 1313 starke
289 1249 526 1309 erschütterung
552 1252 652 1312 alhier
678 1252 991 1312 wahrgenommen,
1017 1252 1113 1312 dabey
1139 1250 1168 1310 es

168 1300 191 1360 so
216 1298 324 1358 bebete
349 1297 396 1357 als
421 1297 505 1357 wenn
536 1297 566 1357 es
591 1297 650 1357 von
681 1300 796 1360 weiten
827 1300 971 1360 wettert,
1014 1297 1086 1357 oder
1117 1296 1165 1356 ein
1214 1284 1285 1344 mal
1304 1282 1352 1342 des
1383 1280 1491 1340 Tages
1516 1280 1636 1340 damit.

160 1346 287 1406 Wagen
314 1345 452 1405 kömmt,
474 1345 500 1405 so
527 1345 579 1405 daß
612 1345 659 1405 die
681 1347 808 1407 Fenster
841 1345 898 1405 und
936 1344 1175 1404 Stubenwän¬

160 1399 199 1459 de
230 1396 401 1456 zitterten,
437 1393 573 1453 welches
604 1393 674 1453 man
710 1393 800 1453 sogar
826 1393 850 1453 in
891 1393 941 1453 den
972 1393 1087 1453 Betten
1123 1389 1173 1449 be¬

159 1446 278 1506 merkt.
322 1443 409 1503 Auch
437 1443 523 1503 sollen
562 1443 665 1503 einige
699 1440 834 1500 Thüren
873 1440 927 1500 von
966 1443 1161 1503 Schränker

161 1494 444 1554 aufgesprungen,
478 1493 527 1553 die
556 1494 695 1554 Stühle
723 1491 772 1551 sich
806 1491 984 1551 gerühret,
1012 1491 1073 1551 und
1101 1490 1167 1550 hier

160 1548 222 1608 und
251 1545 285 1605 da
314 1545 629 1605 Porcellaingefäße
653 1542 887 1602 herabgefallen
917 1542 1008 1602 seyn.

374 1608 654 1668 Hannover,
683 1605 739 1665 den
780 1606 842 1666 31.
860 1605 957 1665 Aug.

206 1658 403 1718 Vorgestern
438 1658 472 1718 ist
496 1658 542 1718 der
566 1658 728 1718 Rußische
746 1657 879 1717 Obriste
903 1657 1001 1717 Fürst
1025 1652 1158 1712 Repnin

164 1712 222 1772 aus
255 1712 444 1772 Frankreich
472 1710 580 1770 alhier
608 1712 861 1772 angekommen,
900 1710 959 1770 und
992 1709 1089 1769 heute
1116 1708 1170 1768 hat

168 1763 306 1823 derselbe
328 1763 410 1823 seine
432 1763 527 1823 Reise
550 1763 618 1823 nach
646 1763 799 1823 Rusland
827 1763 1041 1823 fortgesetzet.

377 1817 639 1877 Hamburg,
666 1819 720 1879 vom
772 1817 806 1877 7.
833 1817 948 1877 Sept.

208 1870 296 1930 Man
336 1870 486 1930 erwartet
520 1870 586 1930 hier
615 1870 770 1930 stündlich
805 1869 854 1929 den
894 1870 994 1930 Russ.
1017 1870 1172 1930 Kayserl.

158 1924 299 1984 Kanzler
325 1918 451 1978 Grafen
482 1918 538 1978 von
564 1915 751 1975 Woronzow
793 1917 853 1977 mit
874 1915 955 1975 einer
981 1918 1087 1978 Suite
1108 1918 1163 1978 von

156 1974 200 2034 60
235 1969 416 2029 Personen.
468 1966 547 2026 Sr.
571 1966 775 2026 Hochfürstl.
792 1966 939 2026 Durchl.
962 1966 1013 2026 der
1037 1966 1172 2026 Bischof

162 2025 219 2085 von
249 2021 358 2081 Lübeck
382 2017 504 2077 werden
534 2017 603 2077 Sr.
621 2017 783 2077 Excellenz
807 2017 882 2077 dero
911 2018 1045 2078 hiesiges
1069 2014 1172 2074 Hotel

161 2072 354 2132 einräumen
382 2064 494 2124 laßen.

343 2127 672 2187 Donaustrom,
696 2127 757 2187 vom
803 2130 865 2190 24.
894 2130 984 2190 Aug.

208 2190 285 2250 Die
307 2190 528 2250 Zurüstungen
556 2186 605 2246 der
633 2190 755 2250 Türken
794 2190 827 2250 an
866 2190 915 2250 den
949 2193 1092 2253 Grenzen
1126 2190 1175 2250 ge¬

155 2244 213 2304 gen
251 2243 377 2303 Ungern
415 2240 536 2300 werden
574 2237 690 2297 immer
723 2240 966 2300 bedenklicher,
988 2240 1083 2300 indem
1131 2238 1168 2298 sie

169 2294 222 2354 seit
239 2296 346 2356 kurzem
385 2291 444 2351 viel
466 2288 693 2348 neugegoßnes
715 2289 867 2349 Geschütz
884 2291 975 2351 dahin
1008 2288 1159 2348 abführen

161 2345 274 2405 laßen.
323 2339 399 2399 Dem
443 2339 649 2399 Vernehmen
676 2336 746 2396 nach
775 2340 833 2400 soll
850 2342 898 2402 der
921 2338 1170 2398 Feldmarschall

164 2393 223 2453 von
261 2393 369 2453 Botta
402 2392 450 2452 als
483 2387 634 2447 Kayserl.
667 2387 812 2447 Königl.
852 2389 1164 2449 außerordentlicher

162 2440 401 2500 Ambassadeur
430 2440 498 2500 nach
528 2436 648 2496 London
677 2436 796 2496 gehen.

357 2497 658 2557 Maynstrom,
683 2494 743 2554 vom
792 2500 852 2560 28.
883 2500 973 2560 Aug.

212 2557 269 2617 Da
310 2557 339 2617 in
380 2557 443 2617 und
479 2557 519 2617 um
560 2554 664 2614 Cassel
693 2554 750 2614 das
781 2560 954 2620 Hornvieh
989 2557 1053 2617 mit
1083 2554 1174 2614 einer

161 2608 468 2668 Zungenkrankheit
487 2605 655 2665 behaftet,
680 2602 704 2662 so
729 2605 788 2665 hat
813 2609 855 2669 ein
892 2608 1006 2668 dasiger
1031 2605 1157 2665 Freund

163 2663 216 2723 des
241 2658 380 2718 Publici
399 2652 447 2712 sich
478 2652 659 2712 verbunden
696 2653 859 2713 erachtet,
897 2657 939 2717 ein
970 2655 1090 2715 Mittel
1115 2654 1169 2714 da¬

165 2717 219 2777 für
248 2710 337 2770 durch
372 2706 419 2766 die
441 2700 578 2760 Casseler
606 2700 758 2760 Policey=
780 2705 841 2765 und
876 2706 1165 2766 Commercienzei,

159 2768 244 2828 tung
267 2759 407 2819 bekannt
425 2752 453 2812 zu
487 2754 645 2814 machen,
669 2751 798 2811 welches
833 2754 861 2814 in
896 2756 991 2816 Genf
1020 2756 1076 2816 und
1110 2754 1160 2814 der

154 2818 273 2878 ganzen
298 2809 465 2869 Schweitz
477 2805 543 2865 mit
556 2805 675 2865 Nutzen
700 2805 873 2865 gebraucht
892 2806 1047 2866 worden.
1071 2805 1154 2865 Man

154 2867 315 2927 besichtigt
345 2864 393 2924 die
415 2858 527 2918 Zunge
557 2858 612 2918 und
642 2855 797 2915 Schlund
833 2858 889 2918 des
911 2861 1037 2921 Viehes
1060 2856 1144 2916 Mor

1217 354 1299 414 gens
1329 354 1393 414 und
1424 354 1583 414 Abends,
1607 354 1760 414 verspürt
1790 357 1860 417 man
1902 360 2055 420 Knopfen
2092 358 2150 418 auf
2180 356 2232 416 der

1220 404 1382 464 Zungen,
1409 403 1485 463 oder
1513 400 1572 460 auf
1600 398 1654 458 der
1682 400 1806 460 Seiten
1840 404 2029 464 derselben,
2057 406 2084 466 so
2111 407 2235 467 nimmt

1220 454 1293 514 man
1322 452 1406 512 einen
1435 452 1582 512 silbernen
1611 446 1723 506 Löffel,
1741 452 1803 512 mit
1820 455 1950 515 welchen
1979 455 2046 515 man
2087 455 2131 515 die
2149 455 2233 515 Zun¬

1212 505 1250 565 ge
1273 503 1333 563 und
1362 502 1512 562 Knopfen
1540 499 1679 559 schabet,
1707 497 1757 557 bis
1785 502 1879 562 solche
1908 503 2113 563 aufgerieben
2153 505 2236 565 wor¬

1214 551 1293 611 den.
1346 551 1494 611 Hernach
1521 548 1641 608 nimmt
1663 548 1726 608 man
1759 550 1848 610 guten
1880 551 2086 611 Weinessig,
2113 557 2234 617 gestoß¬

1217 601 1275 661 nen
1303 599 1454 659 Pfeffer,
1482 597 1573 657 Salz
1601 595 1665 655 und
1698 597 1925 657 zerquetschten
1953 599 2141 659 Knoblauch
2175 603 2233 663 un¬

1218 649 1461 709 tereinander,
1495 646 1633 706 alsdenn
1676 646 1762 706 wird
1796 646 1905 706 ferner
1944 649 2134 709 genommen
2173 652 2230 712 zur

1216 697 1390 757 Handvoll
1412 697 1454 757 ein
1486 696 1612 756 Drittel
1639 694 1771 754 Salbey
1803 694 1866 754 und
1898 694 1945 754 ein
1972 697 2104 757 Drittel
2126 700 2231 760 Zwie¬

1216 748 1382 808 belkraut,
1408 745 1533 805 drücket
1555 745 1665 805 solches
1691 745 1716 805 in
1747 742 1984 802 obbemeldeten
2015 745 2221 805 zubereiteter

1219 795 1327 855 Essig,
1355 793 1414 853 und
1442 792 1544 852 reibet
1566 792 1669 852 damit
1691 792 1739 852 die
1762 792 1875 852 Zunge
1898 790 1957 850 und
1984 795 2141 855 Schlund
2174 795 2222 855 des

1219 894 1326 954 Stück
1348 892 1610 952 Scharlachtuch,
1636 891 1744 951 drückt
1765 891 1795 951 es
1822 891 1847 951 in
1873 891 2110 951 obbemeldeten
2141 891 2202 951 woh

1211 942 1428 1002 zubereiteten
1455 941 1561 1001 Essig,
1572 942 1629 1002 und
1662 942 1767 1002 reibet
1789 939 1947 999 wiederum
1990 942 2043 1002 den
2070 942 2223 1002 Schlund

1212 995 1278 1055 und
1317 992 1367 1052 die
1395 993 1511 1053 Zunge
1540 992 1589 1052 des
1622 992 1750 1052 Viehes
1789 992 1850 1052 mit
1878 990 1967 1050 jedem
2011 990 2139 1050 sowohl
2172 992 2227 1052 der

1209 1043 1360 1103 Kräuter
1393 1043 1441 1103 als
1479 1043 1776 1103 Scharlachtuches
1815 1043 1977 1103 zweymal
2010 1041 2063 1101 des
2107 1043 2215 1103 Tages

1217 1094 1266 1154 bis
1294 1094 1349 1154 zur
1383 1094 1520 1154 völligen
1548 1094 1742 1154 Genesung.
1792 1094 1841 1154 Um
1886 1091 1940 1151 das
1974 1093 2112 1153 gesunde
2134 1091 2211 1151 Vieh

1211 1142 1270 1202 vor
1301 1142 1396 1202 diesem
1447 1143 1548 1203 Uebel
1579 1144 1603 1204 zu
1634 1142 1835 1202 bewahren,
1861 1139 1982 1199 nimmt
1997 1140 2067 1200 man
2098 1139 2228 1199 Schar¬

1208 1193 1367 1253 lachtuch,
1383 1193 1491 1253 tunket
1517 1190 1542 1250 es
1569 1190 1594 1250 in
1620 1190 1857 1250 obbemeldeten
1883 1187 2089 1247 zubereiteten
2120 1188 2228 1248 Essig,

1210 1238 1270 1298 und
1303 1237 1403 1297 reibet
1437 1235 1486 1295 dem
1536 1234 1613 1294 Vieh
1653 1237 1702 1297 die
1730 1237 1840 1297 Zunge
1874 1235 1934 1295 und
1968 1234 2123 1294 Schlund
2162 1236 2228 1296 ein¬

1283 1327 1438 1387 Beschluß
1468 1328 1520 1388 des
1544 1330 1798 1390 abgebrochenen
1833 1330 1966 1390 Pariser
1996 1330 2163 1390 Artikels.

1260 1373 1319 1433 Ich
1352 1375 1427 1435 habe
1456 1376 1509 1436 vom
1553 1376 1683 1436 Könige
1700 1378 1726 1438 in
1760 1378 1862 1438 Polen
1890 1377 1938 1437 die
1961 1378 2145 1438 Erlaubniß
2178 1379 2226 1439 er¬

1205 1422 1337 1482 halten,
1355 1425 1404 1485 den
1437 1425 1565 1485 Körper
1587 1425 1782 1485 zergliedern
1810 1425 1837 1485 zu
1865 1425 1976 1485 lassen.
2026 1425 2109 1485 Das
2137 1428 2220 1488 Ske¬

1203 1473 1250 1533 let
1272 1473 1351 1533 wird
1383 1475 1467 1535 durch
1494 1474 1589 1534 Hrn.
1611 1473 1732 1533 Peret,
1748 1476 1795 1536 den
1828 1476 1917 1536 ersten
1949 1476 2139 1536 Wundarzt
2161 1479 2208 1539 des

1209 1521 1336 1581 Königs
1375 1524 1430 1584 von
1469 1524 1595 1584 Polen,
1618 1527 1783 1587 sorgfältig
1817 1524 2005 1584 zubereitet,
2022 1527 2082 1587 und
2110 1530 2132 1590 in
2166 1530 2215 1590 der

1201 1572 1395 1632 öffentlichen
1429 1575 1623 1635 Bibliothek
1646 1575 1673 1635 zu
1702 1575 1823 1635 Nancy
1852 1576 2051 1636 aufgestellet
2074 1577 2218 1637 werden,

1209 1623 1264 1683 von
1298 1625 1330 1685 da
1358 1625 1424 1685 man
1452 1626 1485 1686 es
1513 1628 1645 1688 dereinst
1668 1625 1695 1685 in
1729 1628 1783 1688 das
1817 1625 1966 1685 Cabinet
1994 1625 2043 1685 des
2077 1629 2209 1689 Königs

1208 1676 1337 1736 bringen
1367 1679 1446 1739 kan.
1469 1676 1520 1736 Es
1543 1679 1577 1739 ist
1600 1679 1770 1739 besonders
1794 1679 1867 1739 auch
1896 1679 1992 1739 darum
2033 1682 2225 1742 sonderbar,

1212 1730 1267 1790 daß
1300 1730 1327 1790 es
1356 1730 1410 1790 auf
1433 1730 1488 1790 den
1516 1731 1604 1791 ersten
1637 1733 1764 1793 Anblick
1786 1730 1830 1790 ein
1858 1732 2007 1792 Gerippe
2029 1730 2084 1790 von
2118 1730 2200 1790 einem

1211 1781 1227 1841 3
1251 1781 1319 1841 oder
1343 1781 1515 1841 4jährigen
1545 1784 1649 1844 Kinde
1672 1784 1700 1844 zu
1724 1784 1787 1844 seyn
1810 1784 1954 1844 scheinet,
1978 1784 2035 1844 und
2059 1784 2104 1844 bey
2128 1785 2225 1845 nähe¬

1206 1820 1259 1880 rer
1292 1825 1518 1885 Betrachtung
1550 1828 1704 1888 erfunden
1740 1828 1844 1888 wird,
1867 1830 1926 1890 daß
1958 1828 1989 1888 es
2021 1830 2080 1890 von
2117 1834 2198 1894 einem

1203 1867 1494 1927 ausgewachsenen
1524 1870 1695 1930 Menschen
1726 1873 1791 1933 sey.
1852 1870 1927 1930 Bey
1962 1873 2012 1933 der
2038 1877 2218 1937 Zergliede¬

1205 1911 1285 1971 rung
1315 1912 1386 1972 fand
1410 1915 1482 1975 man
1511 1915 1597 1975 eines
1621 1916 1668 1976 der
1688 1918 2066 1978 Vorder=Hauptsbeine
2090 1921 2133 1981 ein
2157 1927 2219 1987 we¬

1198 1959 1249 2019 nig
1286 1960 1503 2020 eingebogen,
1535 1960 1586 2020 der
1618 1963 1710 2023 lincke
1742 1963 1845 2023 Theil
1872 1963 1923 2023 des
1960 1968 2130 2028 Gehirnes
2162 1972 2192 2032 im

1200 2008 1432 2068 Hinterhaupt
1454 2005 1702 2065 (Cerebellum)
1724 2011 1787 2071 war
1814 2013 1845 2073 an
1872 2014 1956 2074 einem
2004 2015 2083 2075 Orte
2115 2020 2205 2080 mehr

1200 2058 1358 2118 gedrückt
1369 2055 1432 2115 und
1460 2055 1491 2115 am
1528 2058 1644 2118 andern
1676 2058 1860 2118 erhöheter,
1893 2063 1950 2123 und
1988 2064 2072 2124 nicht
2099 2067 2125 2127 in
2163 2069 2215 2129 sei¬

1201 2106 1254 2166 ner
1282 2106 1471 2166 natürlichen
1504 2106 1602 2166 Lage,
1624 2108 1683 2168 das
1711 2109 1808 2169 lange
1835 2112 1954 2172 Marck
1982 2114 2128 2174 ebenfals
2161 2118 2215 2178 ge¬

1202 2157 1351 2217 krüpelt;
1387 2157 1508 2217 daher,
1543 2157 1617 2217 aller
1653 2160 2000 2220 Wahrscheinlichkeit
2029 2166 2127 2226 nach,
2156 2169 2208 2229 der

1204 2205 1303 2265 Trieb
1326 2205 1353 2265 zu
1392 2202 1525 2262 wachsen
1564 2208 1758 2268 verhindert
1786 2214 1913 2274 worden
1942 2214 1991 2274 ist,
2014 2217 2063 2277 sich
2097 2220 2207 2280 richtig

1207 2255 1460 2315 auszubreiten;
1493 2256 1547 2316 die
1570 2260 1677 2320 Säfte
1705 2261 1801 2321 haben
1829 2264 1932 2324 keinen
1970 2267 2072 2327 freyen
2105 2269 2202 2329 Gang

1199 2306 1340 2366 gehabt,
1364 2302 1414 2362 daß
1443 2306 1505 2366 also
1528 2306 1584 2366 das
1613 2312 1703 2372 Leben
1737 2315 1793 2375 und
1822 2315 1873 2375 die
1902 2318 2099 2378 Bewegung
2123 2321 2207 2381 nicht

1203 2354 1329 2414 überall
1351 2354 1499 2414 gleichhin
1531 2362 1758 2422 ausgebreitet
1775 2363 1890 2423 werden
1917 2364 2055 2424 können,
2076 2369 2202 2429 welches

1198 2403 1270 2463 auch
1296 2402 1343 2462 die
1369 2404 1570 2464 Unordnung
1607 2411 1633 2471 in
1670 2413 1721 2473 dem
1768 2414 1959 2474 Rückgrade
1991 2414 2057 2474 mag
2095 2417 2213 2477 veran¬

1192 2452 1281 2512 lasset
1299 2450 1418 2510 haben.
1467 2455 1520 2515 In
1550 2458 1604 2518 der
1628 2463 1735 2523 Brust
1759 2464 1831 2524 fand
1849 2464 1896 2524 sich
1915 2461 2057 2521 Wasser,
2070 2464 2129 2524 und
2159 2464 2206 2524 die

1199 2503 1301 2563 Lunge
1340 2499 1405 2559 war
1438 2511 1687 2571 angewachsen;
1721 2514 1763 2574 die
1786 2510 2106 2570 Erzeugungstheile
2134 2513 2204 2573 aber

1201 2551 1303 2611 waren
1330 2551 1357 2611 in
1384 2555 1536 2615 richtiger
1558 2565 1742 2625 Ordnung,
1759 2560 1817 2620 und
1845 2557 1898 2617 das
1926 2557 2029 2617 Herz,
2051 2560 2110 2620 das
2132 2561 2207 2621 Ein¬

1202 2600 1357 2660 geweide,
1381 2603 1438 2663 das
1467 2611 1675 2671 Zwerchfell,
1693 2614 1738 2674 die
1762 2609 1871 2669 Leber,
1889 2606 1911 2666 in
1941 2611 2194 2671 vollkommenen

1194 2649 1290 2709 gutem
1330 2650 1487 2710 Stande.

1245 2698 1324 2758 Der
1343 2702 1508 2762 ehmalige
1527 2709 1796 2769 Kriegsminister
1822 2703 1913 2763 Graf
1932 2706 1986 2766 von
2018 2709 2207 2769 Argenson,

1197 2748 1238 2808 ist
1256 2750 1320 2810 hier
1345 2749 1368 2809 im
1416 2756 1522 2816 60sten
1558 2760 1646 2820 Jahr
1670 2754 1728 2814 mit
1759 2754 1846 2814 Tode
1871 2757 2101 2817 abgegangen.
2149 2757 2195 2817 Er

1204 2800 1260 2860 hat
1284 2802 1328 2862 dem
1369 2805 1509 2865 Publico
1533 2811 1612 2871 viele
1624 2805 1765 2865 nützliche
1788 2805 1918 2865 Dienste
1936 2808 2088 2868 geleistet.
2112 2805 2196 2865 Herr

1203 2852 1355 2912 Ristant,
1383 2856 1424 2916 ein
1452 2864 1646 2924 Kaufmann
1674 2857 1728 2917 von
1757 2855 1957 2915 Bourdeaux
1979 2858 2019 2918 ist
2034 2858 2089 2918 zum
2124 2855 2192 2915 4ten

2119 2908 2204 2968 Di=
