2479 3508
235 348 373 408 „Wissen
410 349 481 409 Sie
512 343 608 403 auch,
639 339 819 399 Madam,
856 336 910 396 die
935 339 1085 399 traurige
1110 336 1182 396 Zei¬

360 392 364 452 —
427 387 561 447 „Geben
587 386 660 446 Sie
686 386 774 446 nur,
800 386 971 446 Madam;
1003 386 1070 446 was
1101 385 1178 445 denn

180 398 311 458 tung"

184 442 255 502 für
280 446 399 506 eine?”
435 434 637 494 Türenne
662 434 704 494 ist
716 434 805 494 todt.
847 437 960 497 Hier,
985 437 1080 497 heben
1116 432 1181 492 Sie

185 489 273 549 ab"
312 488 322 548 —
385 482 461 542 "das
490 482 523 542 ist
545 482 583 542 ein
612 480 722 540 großes
745 485 900 545 Unglück.
934 485 1038 545 Hätte
1061 482 1099 542 ich
1128 482 1177 542 den

210 536 438 596 Coeurkönig,
469 531 499 591 so
530 530 639 590 wollte
664 530 705 590 ich
742 533 826 593 einen
857 533 1032 593 Sechziger
1057 531 1159 591 zählen

188 581 253 641 Er
284 584 350 644 war
382 578 447 638 sehr
478 578 568 638 eifrig
600 578 653 638 für
684 578 738 638 sein
769 580 974 640 Vaterland"

1096 578 1185 638 Sa=

699 619 710 679 —
778 626 869 686 "Ach
900 630 942 690 ich
974 631 1059 691 habe
1084 628 1175 688 falsch

181 630 255 690 gen
296 630 365 690 Sie
395 626 464 686 an,
493 625 626 685 Madam

181 679 460 739 vweggeworfen.
514 674 615 734 Mein
651 676 763 736 Trefle
794 675 829 735 ist
853 679 971 739 dahin.

1017 676 1103 736 Das
1141 674 1184 734 ist

181 723 273 783 „doch
303 723 343 783 ein
373 723 436 783 sehr
460 724 623 784 trauriger
641 724 798 784 Feldzug!
827 727 885 787 Ich
909 727 996 787 hatte
1014 727 1060 787 die
1078 724 1182 784 Zehn:

1074 766 1183 826 „Wie

179 772 313 832 „warum
355 772 463 832 mußte
490 772 525 832 ich
557 772 593 832 sie
620 772 686 832 doch
723 773 961 833 wegwerfen!?

181 818 326 878 „werden
357 819 414 879 nun
451 816 497 876 die
518 819 694 879 Deutschen
731 822 933 882 frohlocken!

1068 815 1181 875 "Hier

181 867 345 927 "kommen
378 867 440 927 drey
468 867 568 927 Blatt
584 867 706 927 Trefle.
749 867 833 927 Wer
860 869 944 929 sollte
966 872 1018 932 das
1051 870 1183 930 gedacht

184 915 342 975 "haben?
369 915 453 975 Aber
480 915 538 975 wie
560 916 596 976 ist
618 917 643 977 er
670 918 744 978 denn
771 918 960 978 gestorben?
998 918 1082 978 Eine
1104 915 1188 975 Ter¬

182 961 249 1021 "tia
269 969 399 1029 major;
430 969 523 1029 wenn
561 969 623 1029 kein
661 967 822 1027 Rummel
847 969 885 1029 da
916 969 977 1029 ist"

1083 969 1183 1029 "Sie

1909 333 1914 393 —
1972 336 2109 396 "Gelten
2144 341 2218 401 drey

1221 331 1288 391 "ist
1308 334 1388 394 gut.

1452 332 1536 392 Eine
1566 336 1851 396 Kanonenkugel"

1559 380 1695 440 "Nein.
1748 386 1913 446 Vierzehn
1948 386 2096 446 Buben!
2120 389 2216 449 Drey

1222 382 1409 442 „Damen!

1225 428 1382 488 "Zehn!"

1502 429 1819 489 „Meinethalben!
1852 434 1954 494 Sind
1987 434 2019 494 es
2058 436 2127 496 doch
2160 438 2224 498 nur

1224 479 1418 539 „Buben!"

1528 469 1633 529 "Was
1666 478 1743 538 wird
1777 479 1837 539 nun
1877 482 1926 542 der
1959 483 2069 543 König
2109 485 2224 545 anfan¬

1472 517 1615 577 „Trefle
1644 527 1737 587 vier!
1766 527 1815 587 Er
1839 527 1923 587 wird
1953 532 2067 592 Mühe
2097 536 2218 596 haben,

1239 524 1359 584 gen?"

1240 575 1332 635 'einen
1361 576 1384 636 so
1408 575 1592 635 beruͤhmten
1622 575 1795 635 Feldherrn
1831 580 2125 640 widerzufinden."
2178 583 2229 643 Li:

1225 626 1292 686 sette
1311 624 1434 684 kömmt
1454 622 1577 682 herein.
1627 623 1712 683 ”Ach
1738 622 1911 682 Madam,
1936 625 1979 685 ein
2016 628 2133 688 großes
2159 631 2226 691 Un¬

1499 667 1634 727 "Nun,
1665 670 1733 730 was
1770 672 1905 732 denn?”

1227 673 1382 733 "glück!"

2020 677 2092 737 "die
2120 681 2219 741 kleine

1237 721 1363 781 'Cybele
1399 721 1456 781 hat
1480 720 1537 780 seit
1567 721 1682 781 gestern
1718 721 1850 781 Abends
1886 721 1972 781 nicht
2001 724 2105 784 fressen
2146 727 2226 787 wol¬

1217 762 1291 822 "len

1436 766 1470 826 "O
1506 769 1679 829 Himmel!
1704 769 1732 829 so
1756 769 1796 829 ist
1814 769 1849 829 sie
1872 769 1982 829 krank.
2047 772 2110 832 Ich
2146 775 2215 835 muß

1234 819 1314 879 doch
1344 816 1436 876 gleich
1466 816 1575 876 gehn,
1599 816 1662 876 und
1692 819 1766 879 nach
1796 819 1848 879 ihr
1877 819 1981 879 sehen.
2028 820 2213 880 Verzeihen

1234 864 1340 924 Sie,
1364 864 1528 924 Madam.
1573 864 1664 924 Was
1687 865 1743 925 für
1766 867 1805 927 ein
1835 867 1970 927 Unfall!
1998 868 2151 928 Komm,
2174 870 2224 930 Li¬

1243 915 1336 975 sette,
1362 915 1424 975 wir
1456 915 1568 975 wollen
1607 918 1725 978 gehen.
1788 921 1857 981 Ich
1889 920 1938 980 bin
1970 918 2051 978 ganz
2083 921 2220 981 erschro¬

1226 966 1341 1026 "cken!

448 1133 649 1193 Berlin,
682 1136 733 1196 den
773 1136 837 1196 25.
865 1136 935 1196 Aug

229 1178 304 1238 Des
339 1183 478 1243 Prinzen
520 1181 577 1241 von
612 1181 769 1241 Preussen
804 1184 943 1244 Königl.
968 1184 1094 1244 Hoheit
1118 1182 1176 1242 sind

179 1231 297 1291 gestern
328 1228 348 1288 in
385 1225 580 1285 Begleitung
607 1225 657 1285 des
684 1228 807 1288 Grafen
838 1231 889 1291 von
926 1231 1054 1291 Anhalt
1081 1231 1183 1291 Ober¬

173 1277 232 1337 sten
262 1274 316 1334 und
346 1273 680 1333 Generaladjutanten
721 1275 794 1335 Sr.
819 1275 917 1335 Maj.
947 1275 1001 1335 des
1031 1276 1183 1336 Königs,

178 1321 235 1381 von
264 1318 417 1378 Potsdam
461 1315 528 1375 hier
562 1320 797 1380 eingetroffen,
831 1321 893 1381 und
932 1321 1051 1381 werden
1090 1321 1181 1381 heute

174 1366 269 1426 Dero
296 1366 390 1426 Reise
412 1363 485 1423 über
517 1366 696 1426 Frankfurt
723 1369 790 1429 nach
823 1369 986 1429 Schlesien
1028 1366 1059 1426 zu
1097 1368 1175 1428 Sr.
1219 1363 1271 1423 bey
1303 1363 1350 1423 dem
1393 1363 1629 1423 Müßiggange
1662 1366 1687 1426 so
1714 1366 1809 1426 gerne
1841 1366 2014 1426 anstecken,
2036 1366 2204 1426 bewahren

173 1418 281 1478 Maj.
299 1416 351 1476 dem
392 1410 517 1470 Könige
541 1413 719 1473 fortsetzen.

440 1461 599 1521 Cleve,
622 1461 679 1521 vom
730 1461 792 1521 15.
816 1461 906 1521 Aug.

231 1515 310 1575 Das
333 1512 474 1572 wichtige
503 1510 559 1570 und
588 1509 684 1569 diesen
713 1509 899 1569 Provinzen
940 1509 1047 1569 höchst
1070 1506 1182 1566 nützli¬

180 1566 228 1626 che
250 1563 401 1623 Project,
418 1563 466 1623 den
499 1560 606 1620 Rhein
645 1560 704 1620 und
731 1559 779 1619 die
818 1560 925 1620 Maas
958 1560 1044 1620 durch
1083 1557 1169 1617 einen

176 1618 292 1678 Canal
309 1616 340 1676 zu
373 1612 573 1672 vereinigen,
590 1610 669 1670 wird
691 1610 759 1670 jetzt
786 1610 870 1670 durch
908 1609 955 1669 die
987 1608 1178 1668 Commissa¬

180 1668 244 1728 rien
272 1667 466 1727 untersucht,
494 1664 554 1724 und
576 1664 646 1724 man
674 1662 760 1722 hoft,
777 1661 830 1721 daß
859 1661 890 1721 es
918 1661 944 1721 in
983 1661 1091 1721 kurzen
1124 1658 1178 1718 zur

175 1721 397 1781 Ausführung
426 1715 526 1775 werde
549 1715 694 1775 gebracht
722 1715 866 1775 werden.
922 1712 1045 1772 Dieser
1073 1712 1184 1772 Canal

180 1772 239 1832 soll
257 1769 398 1829 zwischen
428 1767 551 1827 Weesel
570 1768 628 1828 und
652 1769 782 1829 Xanten
806 1769 841 1829 an
871 1767 923 1827 dem
959 1766 1171 1826 sogenannten

181 1819 265 1879 Poll
287 1818 381 1878 seinen
413 1817 540 1877 Anfang
567 1814 725 1874 nehmen,
747 1814 889 1874 Geldern
921 1817 1032 1877 vorbey
1059 1817 1185 1877 laufen,

175 1864 235 1924 und
260 1864 289 1924 zu
320 1860 449 1920 Aarssen
479 1858 503 1918 in
534 1858 578 1918 die
604 1858 708 1918 Maas
743 1856 862 1916 fallen.

368 1901 700 1961 Philipsburg,
728 1900 781 1960 vom
831 1900 869 1960 5.
897 1900 988 1960 Aug.

224 1958 382 2018 Nachdem
416 1951 466 2011 der
495 1949 557 2009 Abt
580 1948 636 2008 und
670 1945 873 2005 Reichsfürst
896 1947 924 2007 zu
947 1946 1105 2006 Dissentis
1128 1942 1150 2002 im

175 2011 342 2071 Bündner
376 2001 498 2061 Lande,
527 1996 755 2056 Hieronymus
789 1993 867 2053 Casa
901 1993 1023 2053 Nova,
1040 1993 1067 2053 in
1107 1993 1157 2053 dem

172 2062 250 2122 kaum
289 2050 512 2110 angefangnen
540 2046 607 2106 2ten
641 2046 752 2106 Jahre
769 2045 869 2105 seiner
892 2043 1081 2103 Regierung
1110 2042 1165 2102 und

173 2113 202 2173 im
239 2106 351 2166 49sten
382 2098 495 2158 Jahre
513 2097 614 2157 seines
650 2097 775 2157 Alters,
805 2094 852 2154 den
889 2094 983 2154 16ten
1026 2094 1109 2154 Jul.
1133 2092 1168 2152 an

176 2158 263 2218 einer
287 2150 504 2210 Wassersucht
528 2148 715 2208 gestorben;
745 2148 774 2208 so
804 2148 844 2208 ist
874 2145 926 2205 der
956 2145 1050 2205 20ste
1080 2142 1178 2202 dieses

173 2215 230 2275 zur
249 2205 358 2265 Wahl
377 2199 463 2259 eines
493 2201 591 2261 neuen
622 2199 702 2259 Abts
726 2199 900 2259 angesetzet
918 2196 1069 2256 worden.

422 2249 627 2309 London,
655 2249 704 2309 den
744 2247 805 2307 10.
833 2249 927 2309 Aug.

222 2306 295 2366 Die
313 2302 500 2362 Regierung
524 2297 575 2357 hat
598 2297 677 2357 einem
719 2297 866 2357 Künstler
884 2297 923 2357 ein
947 2294 1152 2354 Privilegium

171 2360 249 2420 über
270 2355 338 2415 eine
359 2350 583 2410 neuerfundne
605 2345 897 2405 Wassermaschine
918 2344 1100 2404 verliehen,
1111 2342 1179 2402 ver¬

181 2407 311 2467 mittelst
328 2402 454 2462 welcher
477 2399 545 2459 man
569 2393 625 2453 aus
643 2391 694 2451 den
717 2393 859 2453 Schiffen
889 2393 939 2453 das
957 2390 1082 2450 Wasser
1105 2387 1179 2447 weit

175 2452 391 2512 geschwinder
413 2447 472 2507 und
501 2444 560 2504 mit
577 2441 663 2501 mehr
680 2443 951 2503 Gemächlichkeit
967 2437 1151 2497 herausbrin

175 2505 232 2565 gen
268 2500 366 2560 kann,
390 2499 435 2559 als
471 2495 580 2555 solches
610 2489 720 2549 bisher
750 2494 812 2554 mit
836 2497 888 2557 den
929 2488 1166 2548 gewöhnlichen

182 2550 336 2610 Pumpen
361 2547 416 2607 hat
447 2544 608 2604 geschehen
633 2536 775 2596 können.

457 2590 629 2650 Paris,
649 2587 703 2647 den
735 2589 777 2649 6.
803 2595 895 2655 Aug.

221 2644 300 2704 Der
328 2641 448 2701 Herzog
475 2640 528 2700 von
555 2638 695 2698 Orleans
722 2637 795 2697 wird
822 2640 875 2700 von
902 2635 1102 2695 Compiegne
1129 2632 1168 2692 er¬

165 2699 301 2759 wartet,
321 2692 370 2752 den
396 2689 488 2749 ersten
520 2685 625 2745 Stein
651 2685 700 2745 zum
745 2691 962 2751 Opernsaale,
988 2685 1043 2745 mit
1069 2680 1155 2740 dessen

178 2748 260 2808 Bau
284 2743 331 2803 der
355 2739 484 2799 Anfang
508 2736 649 2796 gemacht
667 2733 815 2793 worden,
827 2739 856 2799 zu
880 2739 980 2799 legen.
1010 2731 1056 2791 Er
1075 2730 1168 2790 wird,

176 2801 238 2861 wie
259 2799 307 2859 der
329 2793 411 2853 alte,
440 2789 487 2849 dem
530 2784 675 2844 Königl.
689 2786 834 2846 Pallaste
863 2790 1035 2850 gegenüber
1064 2782 1167 2842 aufge=

171 2849 287 2909 führt.
331 2841 411 2901 Der
437 2838 541 2898 König
573 2838 652 2898 wird
684 2835 850 2895 gleichfals
894 2838 944 2898 bey
981 2838 1079 2898 seiner
1105 2832 1166 2892 Zu¬

172 2900 341 2960 rückkunft
361 2891 406 2951 den
440 2888 635 2948 Grundstein
662 2891 714 2951 zum
754 2888 878 2948 Portal
898 2894 950 2954 der
977 2894 1087 2954 Kirche
1108 2885 1159 2945 der

180 2954 262 3014 heil.
288 2947 480 3007 Genevieve
513 2942 628 3002 legen.

1494 1132 1683 1192 Toulon,
1702 1133 1758 1193 vom
1803 1136 1865 1196 27.
1879 1134 1966 1194 Jul.

1258 1178 1343 1238 Wir
1360 1181 1485 1241 werden
1526 1181 1589 1241 hier
1624 1181 1835 1241 Kriegsleute
1858 1181 1972 1241 sehen,
1996 1178 2041 1238 die
2070 1176 2121 1236 sich
2144 1178 2212 1238 eben

1221 1230 1245 1290 so
1276 1228 1340 1288 wie
1366 1230 1411 1290 die
1432 1225 1598 1285 römischen
1628 1225 1789 1285 Soldaten
1815 1225 1844 1285 zu
1875 1224 2127 1284 Friedenszeiten
2153 1221 2222 1281 tha¬

1211 1273 1277 1333 ten,
1299 1275 1360 1335 mit
1382 1273 1527 1333 Arbeiten
1558 1270 1792 1330 beschäftigen,
1813 1273 1854 1333 die
1875 1270 1911 1330 sie
1937 1269 1989 1329 für
2016 1269 2067 1329 der
2093 1267 2217 1327 Weich¬

1218 1320 1343 1380 lichkeit
1359 1318 1418 1378 und
1454 1317 1509 1377 der
1540 1316 1792 1376 Schwelgerey,
1813 1315 1928 1375 welche
1959 1316 2004 1376 die
2034 1315 2210 1375 Trouppen

1205 1408 1350 1468 müssen.
1398 1407 1480 1467 Das
1507 1410 1688 1470 Regiment
1716 1410 1767 1470 von
1799 1413 2001 1473 Beaujolois
2028 1410 2157 1470 welches
2184 1412 2209 1472 in

1204 1456 1256 1516 der
1278 1457 1390 1517 Stadt
1412 1458 1438 1518 in
1466 1458 1647 1518 Besatzung
1674 1461 1744 1521 lag,
1771 1461 1952 1521 marschirte
1985 1461 2016 1521 am
2071 1461 2214 1521 Monta¬

1208 1508 1244 1568 ge
1265 1508 1347 1568 aus,
1364 1506 1399 1566 um
1441 1506 1493 1566 bey
1530 1509 1581 1569 dem
1623 1506 1706 1566 Fort
1733 1508 1758 1568 la
1795 1509 1939 1569 Malgue
1972 1508 1997 1568 zu
2034 1509 2220 1569 campiren,

1203 1555 1263 1615 und
1296 1556 1328 1616 an
1362 1556 1416 1616 den
1455 1557 1597 1617 dortigen
1636 1557 1932 1617 Vestungswerken
1976 1560 2008 1620 zu
2053 1560 2217 1620 arbeiten,

1214 1607 1324 1667 welche
1353 1608 1418 1668 man
1447 1608 1535 1668 eifrig
1564 1608 1591 1668 zu
1619 1608 1780 1668 vollenden
1814 1608 1907 1668 sucht.

1422 1670 1682 1730 Warschau,
1707 1672 1759 1732 den
1796 1673 1860 1733 20.
1891 1673 1984 1733 Aug.

1259 1724 1330 1784 Die
1349 1724 1531 1784 Rußischen
1562 1724 1712 1784 Truppen
1738 1726 1852 1786 welche
1877 1724 1986 1784 immer
2011 1724 2125 1784 stärker
2150 1724 2204 1784 aus

1207 1778 1358 1838 Lithauen
1388 1778 1445 1838 und
1475 1775 1638 1835 Reussen,
1650 1775 1795 1835 woselbst
1813 1777 1865 1837 der
1890 1775 1994 1835 gröste
2018 1772 2122 1832 Theil
2146 1773 2215 1833 bis¬

1214 1828 1267 1888 her
1289 1828 1473 1888 gestanden,
1496 1826 1566 1886 hier
1588 1825 1766 1885 eintreffen,
1789 1825 1907 1885 werden
1941 1825 1995 1885 nun
2022 1822 2092 1882 ihre
2109 1822 2217 1882 Quar¬

1204 1870 1285 1930 tiere
1309 1871 1333 1931 in
1362 1870 1444 1930 einer
1473 1867 1679 1927 Entfernung
1708 1870 1765 1930 von
1795 1870 1804 1930 3
1834 1870 1881 1930 bis
1911 1872 1924 1932 4
1963 1870 2088 1930 Meilen
2127 1871 2208 1931 rund

1213 1915 1247 1975 um
1288 1912 1404 1972 hiesige
1430 1912 1586 1972 Residenz
1606 1915 1772 1975 beziehen,
1789 1913 1864 1973 weil
1884 1915 1955 1975 nach
1981 1913 2030 1973 den
2061 1915 2207 1975 Gesetzen

1205 1958 1260 2018 bey
1285 1960 1335 2020 der
1361 1958 1467 2018 Wahl
1483 1959 1603 2019 fremde
1624 1960 1776 2020 Truppen
1806 1960 1892 2020 nicht
1912 1960 1937 2020 in
1958 1962 2008 2022 der
2029 1960 2129 2020 Nähe
2155 1964 2205 2024 des

1208 2009 1381 2069 Wahlorts
1409 2005 1457 2065 sich
1485 2005 1631 2065 befinden
1664 2008 1799 2068 dürfen.
1860 2005 1929 2065 Die
1962 2008 2119 2068 polnische
2147 2010 2211 2070 Re¬

1211 2056 1368 2116 gimenter
1386 2052 1499 2112 fangen
1528 2052 1578 2112 itzt
1595 2054 1668 2114 auch
1697 2055 1753 2115 an,
1771 2055 1906 2115 gewisse,
1929 2058 2019 2118 ihnen
2048 2058 2206 2118 bestimm¬

1210 2109 1239 2169 te
1263 2108 1356 2168 Läger
1380 2103 1408 2163 zu
1438 2102 1607 2162 beziehen.

1465 2163 1646 2223 Thorn,
1674 2169 1727 2229 den
1768 2168 1828 2228 18.
1855 2169 1949 2229 Aug.

1256 2217 1330 2277 Die
1360 2214 1567 2274 Uneinigkeit
1585 2217 1723 2277 zwischen
1753 2217 1804 2277 dem
1839 2220 1925 2280 Adel
1943 2220 2001 2280 und
2036 2220 2081 2280 der
2111 2219 2208 2279 Bür¬

1214 2268 1364 2328 gerschaft
1387 2264 1413 2324 zu
1441 2264 1570 2324 Danzig
1603 2267 1695 2327 daurt
1717 2270 1781 2330 noch
1814 2270 1928 2330 immer
1950 2270 2030 2330 fort,
2047 2270 2106 2330 und
2128 2267 2193 2327 man

1205 2320 1278 2380 muß
1307 2313 1420 2373 immer
1449 2315 1540 2375 mehr
1580 2321 1784 2381 befürchten,
1808 2320 1858 2380 daß
1893 2321 2052 2381 schlimme
2081 2318 2194 2378 Folgen

1209 2368 1330 2428 daraus
1352 2361 1506 2421 entstehrn
1535 2366 1694 2426 möchten.
1750 2370 1811 2430 So
1833 2370 1899 2430 viel
1922 2372 2026 2432 Mühe
2049 2369 2098 2429 sich
2126 2369 2198 2429 auch

1205 2416 1257 2476 der
1286 2411 1472 2471 Magistrat
1491 2417 1595 2477 giebt,
1613 2417 1660 2477 die
1678 2420 1998 2480 Schwierigkeiten,
2016 2419 2062 2479 die
2087 2417 2138 2477 sich
2162 2416 2197 2476 an

1204 2464 1322 2524 beyden
1352 2461 1470 2521 Seiten
1499 2465 1719 2525 hervorthun,
1737 2469 1793 2529 vor
1816 2467 1867 2527 der
1895 2465 2127 2525 Königswahl
2151 2464 2206 2524 ab¬

1208 2512 1395 2572 zumachen,
1408 2509 1431 2569 so
1456 2515 1632 2575 befürchtet
1657 2521 1723 2581 man
1754 2516 1820 2576 doch
1845 2515 1929 2575 sehr,
1954 2514 2008 2574 daß
2045 2512 2111 2572 man
2148 2512 2202 2572 da¬

1200 2563 1264 2623 mit
1286 2561 1365 2621 nicht
1387 2557 1434 2617 zum
1478 2566 1615 2626 Stande
1637 2569 1775 2629 kommen
1808 2561 1924 2621 werde,
1941 2560 2015 2620 weil
2037 2560 2100 2620 eine
2117 2563 2207 2623 Par¬

1202 2613 1269 2673 they
1304 2609 1481 2669 fortfahrt,
1504 2615 1549 2675 die
1578 2620 1754 2680 Vorrechte
1790 2616 1840 2676 der
1875 2611 1995 2671 andern
2029 2613 2120 2673 unter
2150 2611 2200 2671 der

1209 2658 1303 2718 Hand
1329 2658 1360 2718 zu
1386 2664 1582 2724 schmälern.

1374 2720 1456 2780 Lissa
1478 2725 1505 2785 in
1534 2730 1749 2790 Großpolen,
1770 2724 1825 2784 vom
1867 2724 1929 2784 18.
1951 2727 2040 2787 Aug.

1249 2783 1349 2843 Unter
1375 2781 1425 2841 der
1451 2790 1582 2850 Anzahl
1608 2790 1658 2850 der
1684 2784 1721 2844 36
1753 2784 1935 2844 Landboten
1967 2787 2023 2847 zur
2049 2790 2199 2850 Königs¬

1200 2835 1304 2895 wahl,
1322 2835 1460 2895 befinden
1490 2838 1536 2898 sich
1571 2841 1640 2901 Se.
1658 2835 1803 2895 Durchl.
1821 2835 1872 2895 der
1891 2835 1983 2895 Fürst
2001 2838 2122 2898 August
2134 2835 2186 2895 von

1208 2891 1407 2951 Sulkowski
1429 2893 1553 2953 Herzog
1581 2896 1608 2956 zu
1630 2889 1768 2949 Bielitz,
1782 2888 1837 2948 von
1865 2888 1962 2948 dessen
1997 2885 2189 2945 Eigenschaf
2204 2888 2210 2948 /

2133 2939 2182 2999 ten
