2479 3508
559 1166 1793 1244 56tes Stück. Montag, den 13. August 1764.
559 1236 777 1314 Leipzig.
162 1259 1164 1376 Briefe eines chinesischen Weltweisen an seine
290 1344 1161 1406 Freunde in den Morgenländern. Aus dem
162 1389 1149 1451 Englischen. Zweyter Theil, in 8vo, 1764, 19 und
157 1431 1154 1501 "1 halber Bogen." Es ist bereits in unserm 18ten
165 1476 1151 1548 Blatte von dem ersten Theile dieses Werkes geredet,
165 1531 1151 1601 und damals der Riß, nach dem es verfertigt ist, den
160 1581 1156 1661 Lesern vorgelegt worden. Es bleibt also nichts übrig,
162 1638 1161 1698 als zu bemerken, daß der zweyte in dem gleichen To=
167 1691 1156 1758 ne geschrieben ist, und durch dieselbe feine Satyre
160 1728 1159 1801 empfohlen wird. Der Verfasser hat eine ganz beson=
167 1791 1159 1853 dre Gabe, das Lächerliche an Personen und Dingen
162 1826 1149 1901 aufzufassen und vorstellig zu machen. Die belusti
162 1871 1149 1943 genden Aufsätze von dieser Art sind zu viele, als daß
160 1913 1159 1983 wir sie hier anführen könnten; doch wollen wir eini¬
165 1956 1154 2030 ge zur Probe auszeichnen. Der 27ste Brief dieses
165 2003 1161 2065 Bandes enthält das Tagebuch eines hypochondrischen
172 2100 1151 2165 chen Wirkungen der Planeten und Kometen Klage,
167 2148 1149 2218 führt, und zuletzt von der Entweichung seiner Toch=
167 2243 1151 2315 am Sonnabende: "Der Mond, finde ich wohl, ge=
160 2283 1151 2355 räth wieder auf seine alten Tücken. Seine Stöße,
162 2323 2170 2398 schwankende Bewegungen und andre Unregelmäßig= daß man in der Hauptsache nichts klüger ist, als zu
167 2388 1154 2450 keiten machen in der That, daß ich erschrecke. Auch
167 2438 1156 2490 meine Tochter muß diesen Morgen mit einem Gra=
192 2480 1154 2542 nadier davon gehen! Gar nicht wunderbar! Ich
167 2527 1164 2602 "bin niemals im Stande gewesen, ihr einen Ge=
175 2572 1149 2630 schmack an Weisheit beyzubringen. Sie versprach
190 2630 1154 2682 niemals mehr von sich, als daß sie im Reiche der
175 2672 1149 2732 Schöpfung nur eine Figur zur Ausfüllung
182 2725 1161 2782 bleiben würde. Aber der Mond, der Mond macht
180 2770 1154 2870 mir wirklichen Kummer." Ein andrer Brief, der
1186 1219 2173 1304 37ste, redet von der Spielsucht der Chineserinnen,
1184 1296 2175 1349 die der Verfasser als sehr ausschweifend beschreibt.
1189 1341 2175 1391 Er erzählt von seiner ledigen Muhme, die sich mit
1181 1381 2160 1446 einem Spieler eingelassen hatte, an den sie, nach
1181 1426 2170 1486 Abschied ihres Geldes, ihre Kleider Stück für Stücke
1186 1481 2170 1533 verspielte, darauf ihre Zahne, und zuletzt ihr linkes
1186 1521 2175 1588 Auge; wobey sie jedoch den Spieler betrog, weil es
1181 1576 2165 1636 nur von Glas eingesetzt war. Darauf macht der
1181 1621 2168 1681 Verf. eine sehr schlaue Wendung auf die Engländen
1186 1668 2173 1726 rinnen, und lobt sie wegen ihrer Enthaltsamkeit.
1231 1721 2168 1778 Ich kann ihnen gar nicht nachsagen, (heißt es,) daß
1204 1773 2175 1831 'sie so hartnäckig im Spiele ausschweiften. Es ist
1184 1818 2173 1876 "wohl wahr, sie spielen zuweilen ihre Männer und
1196 1858 2168 1921 'Kinder an den Bettelstab. Das aber habe ich doch
1184 1898 2175 1968 "niemals gesehen, daß eine von ihnen beym Spiele
1206 1948 2168 2008 ihren Rock, Manteau, oder Kopfzeug abgeworfen
1191 1993 2163 2055 hatte.” Der 55ste Brief liefert den Versuch einer
167 2055 2168 2118 Gelehrten, der eine Woche lang über die besorgli= Reisebeschreibung, im Geschmacke der Reise beschrei¬
1181 2090 2173 2153 ber verfaßt. Die Reise geht nach einem Städtchen
1174 2133 2160 2203 bey London. Der Verfasser geht mit ernster Mie=
165 2205 2168 2260 ter nicht halb so sehr gerührt wird. So schreibt er ne aus, bemerkt unterwegs mit sorgfältiger Neugier
1171 2233 2163 2318 einige nichtsbedeutende Umstände, und bricht zuletzt,
1174 2280 2170 2350 da er nun den Ort beschreiben sollte, plötzlich ab, so
1174 2375 2173 2445 vor. Der chinesische Weltweise beschließt mit diesem
1184 2425 2170 2493 Theile die Beschreibung seiner Abentheuer, und be-
1176 2470 2173 2535 zeigt sich noch am Ende sehr gleichgültig gegen sein
1174 2525 2168 2590 Vaterland. "Da für mich die ganze Welt nur eine
1196 2565 2173 2655 einzige große Stadt, so frage ich wenig darnach, in
1201 2617 2175 2692 welcher Straße ich mich aufhalte.” Kostet in
1181 2660 2168 2722 der Kanterschen Buchhandlung allhier, wie auch in
1181 2715 2180 2800 Elbing und Mitau, und der Zeit in Riga 1 fl.
1176 2762 1316 2835 21 pr.
1996 2802 2185 2902 Franz
