2479 3508
181 346 219 406 sie
240 345 278 405 ist
298 342 356 402 von
396 338 493 398 hoher
513 333 675 393 Geburt,
702 330 766 390 und
800 330 903 390 dünkt
930 330 981 390 sich
1014 330 1183 390 deswegen

177 395 258 455 nicht
278 389 404 449 wenig.
455 383 531 443 Sie
551 380 632 440 stößt
652 378 708 438 alle
734 380 797 440 mit
810 380 1012 440 Verachtung
1045 380 1101 440 von
1127 380 1196 440 sich,

174 443 223 503 die
249 442 299 502 ihr
325 440 355 500 zu
381 433 468 493 nahe
488 428 656 488 kommen.
713 430 788 490 Die
814 431 919 491 kleine
945 431 1095 491 flüchtige
1127 428 1189 488 Co¬

173 492 302 552 quette,
327 487 370 547 die
395 482 444 542 bey
469 479 518 539 ihr
549 479 771 539 herumläuft,
796 479 832 539 ist
858 479 925 539 eine
944 479 1067 539 witzige
1086 476 1190 536 Schö¬

173 542 242 602 ne,
266 536 324 596 und
353 533 405 593 hat
429 527 510 587 schon
539 527 684 587 manches
714 530 830 590 Insekt
865 530 917 590 zur
941 527 1185 587 Verzweiflung

175 585 342 645 gebracht.
389 578 574 638 Bemerken
603 578 643 638 sie
661 578 765 638 nicht,
783 578 852 638 was
882 580 933 640 für
957 580 997 640 ein
1026 580 1089 640 Zug
1125 579 1182 639 von

175 631 374 691 Liebhabern
409 625 511 685 hinter
534 625 585 685 ihr
609 625 814 685 herrennet?

219 679 299 739 Wir
322 676 429 736 wollen
457 673 527 733 hier
549 674 624 734 diese
652 676 863 736 eingebildete
885 673 998 733 Scene
1031 676 1188 736 endigen.

172 728 301 788 Damit
318 724 377 784 wir
400 724 475 784 aber
503 726 551 786 die
573 725 801 785 Aehnlichkeit
823 727 969 787 zwischen
1008 727 1056 787 den
1089 727 1191 787 Men¬

174 780 254 840 schen
287 775 346 835 und
374 775 514 835 Ameisen
542 775 612 835 noch
640 772 736 832 näher
764 775 1121 835 zusammenbringen:
1155 772 1181 832 so

171 828 246 888 laßt
262 825 322 885 uns
353 822 469 882 setzen,
495 822 545 882 der
571 822 636 882 Tod
667 822 789 882 komme
814 822 839 882 in
866 822 921 882 der
941 822 1078 882 Gestalt
1104 822 1189 882 eines

174 875 368 935 Sperlings
401 869 460 929 auf
477 870 531 930 den
559 870 900 930 Maulwurfshaufen
928 870 1117 930 hernieder.
1139 869 1187 929 Er

175 924 301 984 schlucke
323 921 402 981 ohne
430 921 625 981 Unterscheid
657 921 705 981 die
726 923 847 983 Ameise
875 921 927 981 von
960 921 1097 981 Stande
1124 921 1181 981 und

176 975 246 1035 ihre
271 972 518 1032 Schmeichler,
536 974 583 1034 die
601 975 766 1035 beguͤterte
785 972 902 1032 Ameise
932 972 991 1032 und
1021 972 1091 1032 ihre
1104 972 1191 1032 Tag¬

451 1139 601 1199 Halle,
626 1137 679 1197 vom
728 1139 770 1199 4.
795 1139 909 1199 Sept.

227 1189 295 1249 Aus
322 1185 454 1245 Coswig
486 1184 665 1244 vernimmt
682 1184 776 1244 man,
798 1186 850 1246 daß
877 1187 929 1247 des
951 1188 1082 1248 Fürsten
1120 1188 1172 1248 von

171 1234 303 1294 Anhalt
330 1231 440 1291 Zerbst
462 1230 604 1290 Durchl.
626 1231 694 1291 dero
727 1231 827 1291 Reise
859 1234 927 1294 nach
960 1234 1054 1294 Wien
1086 1234 1186 1294 ange¬

175 1279 291 1339 treten,
318 1279 386 1339 dero
414 1276 567 1336 Gemalin
599 1279 673 1339 aber
694 1279 741 1339 sich
774 1281 842 1341 nach
869 1282 922 1342 dem
959 1282 1118 1342 Carlsbad
1140 1282 1187 1342 be¬

176 1325 306 1385 geben.

422 1368 577 1428 Spaa,
618 1371 675 1431 vom
740 1372 803 1432 23.
838 1372 936 1432 Aug.

220 1416 300 1476 Den
336 1416 433 1476 20ten
463 1416 520 1476 sind
555 1419 647 1479 Jhro
677 1421 821 1481 Königl.
845 1419 977 1479 Hoheit
1001 1419 1053 1479 die
1077 1417 1186 1477 Prin=

176 1472 263 1532 zeßin
292 1470 418 1530 Amalia
458 1467 513 1527 von
547 1469 701 1529 Preussen
740 1470 806 1530 nach
840 1470 928 1530 einem
973 1470 1183 1530 Auffenthalt

178 1521 231 1581 von
264 1521 274 1581 6
302 1518 437 1578 Wochen
470 1518 523 1578 von
556 1515 621 1575 hier
654 1518 772 1578 wieder
805 1518 994 1578 abgereiset.

419 1569 620 1629 Leipzig,
656 1572 709 1632 vom
763 1569 822 1629 25.
852 1570 940 1630 Aug.

220 1617 266 1677 In
290 1619 342 1679 dem
383 1619 499 1679 Caspar
517 1619 685 1679 Bosischen
716 1619 844 1679 Garten
879 1622 989 1682 blühet
1007 1619 1123 1679 wieder
1147 1619 1187 1679 ei¬

178 1671 215 1731 ne
237 1670 334 1730 große
356 1673 453 1733 Aloe,
481 1673 572 1733 unter
600 1673 653 1733 dem
703 1673 832 1733 Namen
871 1673 952 1733 Aloe
985 1673 1179 1733 Americana

181 1724 346 1784 Maricata
380 1726 518 1786 Major.
563 1727 640 1787 Sie
668 1727 728 1787 hat
757 1727 844 1787 einen
879 1729 1005 1789 Stamm
1050 1727 1110 1787 von
1139 1729 1177 1789 28

176 1775 241 1835 Fuß
270 1775 342 1835 hoch
370 1778 430 1838 mit
453 1778 486 1838 24
520 1775 647 1835 Aesten,
664 1777 725 1837 und
754 1778 803 1838 die
826 1778 942 1838 darauf
959 1778 1103 1838 stehende
1121 1777 1198 1837 eini¬

171 1819 203 1879 ge
227 1819 316 1879 1000
349 1822 634 1882 Blumenknospen
662 1822 779 1882 fangen
812 1822 976 1882 nunmehr
1000 1822 1032 1882 an
1065 1822 1092 1882 zu
1121 1822 1191 1882 blü¬

171 1864 254 1924 hen.
306 1858 380 1918 Der
404 1864 552 1924 Gärtner
586 1864 660 1924 wird
688 1864 725 1924 sie
749 1863 836 1923 nebst
861 1864 911 1924 dem
949 1864 1065 1924 ganzen
1098 1861 1191 1921 Gar¬

176 1912 276 1972 tenriß
301 1909 327 1969 in
357 1909 483 1969 Kupfer
504 1909 615 1969 stechen
645 1909 756 1969 lassen.
817 1907 887 1967 Aus
913 1909 963 1969 der
984 1909 1185 1969 Oberlausitz

176 1963 357 2023 verlautet,
403 1959 459 2019 daß
494 1959 545 2019 sich
585 1959 653 2019 alda
688 1957 789 2017 Heere
818 1957 1045 2017 Heuschrecken
1086 1957 1170 2017 sehen

179 2011 293 2071 lassen.

209 2061 408 2121 Fortsetzung
439 2055 493 2115 des
524 2054 663 2114 Pariser
688 2055 833 2115 Artikels
869 2055 924 2115 vom
967 2053 1033 2113 17.
1064 2055 1154 2115 Aug.

201 2109 292 2169 Man
320 2106 405 2166 hatte
428 2103 459 2163 es
482 2103 552 2163 auch
579 2104 676 2164 dahin
709 2106 882 2166 gebracht,
910 2109 963 2169 ihn
1001 2106 1103 2166 tanzen
1142 2105 1174 2165 zu

178 2159 312 2219 lernen;
340 2154 432 2214 wenn
459 2154 486 2214 er
513 2154 584 2214 aber
606 2157 730 2217 tanzte,
752 2157 779 2217 so
801 2160 887 2220 hatte
909 2157 941 2217 er
963 2159 1033 2219 stets
1061 2157 1104 2217 die
1126 2154 1185 2214 Au¬

178 2214 228 2274 gen
257 2211 313 2271 auf
337 2206 388 2266 den
417 2208 553 2268 Meister
576 2205 740 2265 gerichtet,
758 2207 808 2267 der
832 2208 917 2268 durch
946 2208 1025 2268 seine
1054 2207 1178 2267 Zeichen

176 2263 233 2323 alle
249 2258 341 2318 dessen
363 2255 595 2315 Bewegungen
627 2255 797 2315 regierete,
813 2257 838 2317 so
865 2258 927 2318 wie
943 2258 1009 2318 man
1041 2258 1072 2318 an
1098 2255 1170 2315 allen

177 2311 409 2371 abgerichteten
436 2306 571 2366 Thieren
605 2303 836 2363 wahrnimmt.
886 2306 934 2366 Er
967 2306 1037 2366 war
1059 2306 1177 2366 einiger

181 2362 429 2422 Leidenschaften
467 2356 578 2416 fähig,
600 2354 657 2414 von
696 2354 748 2414 der
775 2357 859 2417 Art,
892 2357 954 2417 wie
987 2357 1023 2417 sie
1056 2354 1177 2414 andern

182 2410 320 2470 Thieren
348 2408 464 2468 gemein
493 2407 576 2467 sind,
599 2404 648 2464 als
671 2402 776 2462 Zorn,
805 2408 955 2468 Neidec.
1005 2405 1082 2465 Alle
1105 2404 1188 2464 sinn¬

181 2458 272 2518 lichen
299 2458 493 2518 Werkzeuge
516 2454 602 2514 hatte
624 2449 650 2509 er
673 2451 775 2511 jedoch
802 2456 883 2516 frey,
900 2457 959 2517 und
987 2453 1083 2513 alles,
1105 2452 1175 2512 was

181 2506 296 2566 sonsten
330 2506 385 2566 zum
435 2505 512 2565 Bau
546 2501 595 2561 des
623 2500 838 2560 menschlichen
872 2506 1015 2566 Körpers
1038 2503 1170 2563 gehöret

182 2557 298 2617 schiene
320 2554 345 2614 in
383 2554 435 2614 der
462 2551 699 2611 gewöhnlichen
731 2556 921 2616 natürlichen
958 2552 1116 2612 Ordnung
1143 2550 1174 2610 zu

181 2605 267 2665 seyn.
309 2602 360 2662 Im
401 2602 493 2662 Alter
528 2599 580 2659 von
615 2602 655 2662 17
684 2602 812 2662 Jahren
841 2605 1008 2665 erschienen
1038 2602 1083 2662 die
1113 2599 1187 2659 Zei¬

178 2654 250 2714 chen
277 2652 329 2712 der
350 2649 595 2709 Mannbarkeit
615 2646 682 2706 sehr
702 2651 854 2711 deutlich,
875 2655 927 2715 und
954 2653 1020 2713 man
1047 2649 1179 2709 schreibt

186 2705 218 2765 es
245 2701 380 2761 gewissen
414 2697 713 2757 Ausschweifungen
746 2698 791 2758 des
811 2704 909 2764 Bebe
923 2704 980 2764 zu,
994 2704 1045 2764 daß
1072 2700 1097 2760 er
1124 2697 1175 2757 vor

184 2760 235 2820 der
259 2757 327 2817 Zeit
346 2752 391 2812 alt
409 2748 571 2808 geworden
600 2748 652 2808 ist.
698 2748 773 2808 Aus
797 2751 872 2811 allen
901 2754 1172 2814 Beobachtungen

181 2810 295 2870 welche
315 2805 353 2865 ich
386 2799 456 2859 über
476 2796 527 2856 den
547 2799 745 2859 Gliederbau
772 2801 874 2861 dieses
901 2807 1015 2867 kleinen
1042 2804 1176 2864 Wesens

183 2861 272 2921 hätte
297 2855 417 2915 machen
442 2849 586 2909 können,
605 2849 677 2909 sahe
702 2849 744 2909 ich
775 2849 841 2909 mit
865 2854 980 2914 andern
1017 2855 1185 2915 Beobach=

180 2909 247 2969 tern
278 2912 345 2972 wol
364 2908 505 2968 voraus,
518 2904 573 2964 daß
598 2903 696 2963 Bebe
721 2903 788 2963 noch
813 2906 868 2966 vor
888 2911 936 2971 dem
974 2914 1071 2974 30sten
1096 2909 1188 2969 Jah=

1231 327 1362 387 löhner,
1381 327 1429 387 die
1448 326 1574 386 Ameise
1593 327 1652 387 mit
1671 328 1719 388 dem
1756 333 1985 393 Strohhalme
2004 333 2063 393 und
2088 332 2154 392 ihre
2172 336 2256 396 Auf¬

1228 377 1375 437 wärter,
1413 377 1502 437 nebst
1545 376 1624 436 allen
1678 378 1730 438 den
1773 383 1989 443 Göttinnen,
2026 383 2248 443 Witzlingen,

1234 425 1488 485 Schönheiten,
1510 422 1602 482 suͤßen
1635 427 1737 487 Herrn
1770 429 1829 489 und
1851 433 1969 493 starken
1997 432 2143 492 Geistern
2181 434 2235 494 des

1228 476 1569 536 Maulwurfshaufen
1602 473 1729 533 nieder.

1279 524 1403 584 Mögen
1443 524 1499 584 wir
1528 524 1612 584 nicht
1636 524 1697 584 mit
1726 524 1833 584 Recht
1863 530 2004 590 denken,
2033 533 2089 593 daß
2118 530 2230 590 Wesen

1229 575 1282 635 von
1316 575 1435 635 höherm
1479 575 1598 635 Range
1632 572 1691 632 und
1724 577 2073 637 Vollkommenheiten
2106 580 2165 640 alle
2198 580 2241 640 die

1223 622 1404 682 Beyspiele
1425 622 1476 682 des
1498 623 1637 683 Stolzes
1664 622 1725 682 und
1752 622 1803 682 der
1819 625 1974 685 Eitelkeit
1995 628 2083 688 unter
2109 628 2218 688 unserm

1226 672 1427 732 Geschlechte
1463 671 1494 731 in
1536 673 1608 733 eben
1655 673 1711 733 dem
1758 673 2037 733 Gesichtspunkte
2074 679 2244 739 erblicken,

1228 723 1326 783 worin
1357 721 1413 781 wir
1440 721 1507 781 jene
1528 721 1703 781 Thierchen
1741 721 1947 781 betrachten,
1978 726 2009 786 so
2041 724 2092 784 oft
2119 724 2154 784 sie
2191 726 2237 786 die

1228 769 1429 829 Einwohner
1451 769 1502 829 der
1518 769 1601 829 Erde
1622 771 1823 831 übersehen?
1860 772 1932 832 oder
1959 770 1984 830 in
2016 771 2062 831 der
2083 773 2233 833 Sprache

1228 819 1307 879 eines
1335 819 1383 879 der
1410 816 1538 876 feinsten
1570 819 1789 879 französischen
1822 819 1976 879 Dichter,
2004 819 2088 879 wenn
2121 819 2158 879 sie
2180 822 2249 882 die¬

1228 867 1255 927 se
1282 867 1428 927 Ameisen
1462 867 1667 927 übersehen,
1700 869 1749 929 die
1777 870 1889 930 unsern
1923 870 2145 930 Erdhaufen,
2178 870 2232 930 den

1224 919 1274 979 die
1303 915 1507 975 menschliche
1537 918 1689 978 Eitelkeit
1719 918 1741 978 in
1776 921 1901 981 Länder
1941 921 2003 981 und
2038 921 2230 981 Provinzen

1227 972 1403 1032 abgetheilt
1427 969 1502 1029 hat,
1532 969 1731 1029 bevölkern?

1231 1136 1260 1196 re
1285 1136 1333 1196 für
1364 1139 1448 1199 Alter
1473 1136 1593 1196 sterben
1624 1137 1757 1197 würde,
1775 1138 1835 1198 und
1854 1133 1987 1193 wirklich
2012 1133 2126 1193 gerieth
2151 1130 2180 1190 er
2193 1130 2217 1190 im

1229 1190 1337 1250 22sten
1370 1188 1478 1248 Jahre
1500 1185 1526 1245 in
1554 1187 1624 1247 eine
1647 1186 1711 1246 Art
1728 1184 1788 1244 von
1815 1180 2064 1240 Hinfälligkeit,
2092 1177 2151 1237 daß
2179 1178 2243 1238 die¬

1232 1237 1378 1297 jenigen,
1393 1234 1438 1294 die
1464 1234 1500 1294 um
1541 1231 1591 1291 ihn
1622 1231 1753 1291 waren,
1774 1230 1814 1290 ein
1845 1227 1935 1287 mehr
1961 1225 2153 1285 kindisches,
2169 1222 2239 1282 oder

1228 1279 1388 1339 vielmehr
1420 1276 1637 1336 blödsinniges
1663 1276 1772 1336 Wesen
1803 1276 1839 1336 an
1865 1273 1917 1333 ihm
1959 1270 2155 1330 bemerkten.
2187 1272 2233 1332 In

1228 1327 1323 1387 seinem
1366 1325 1466 1385 letzten
1494 1324 1716 1384 Lebensjahre
1739 1324 1791 1384 fiel
1813 1322 1839 1382 es
1866 1321 1918 1381 ihm
1956 1318 2083 1378 schwer,
2105 1319 2152 1379 sich
2174 1321 2243 1381 auf¬

1223 1372 1310 1432 recht
1331 1372 1356 1432 zu
1388 1372 1558 1432 erhalten;
1585 1372 1620 1432 er
1642 1372 1760 1432 schiene
1781 1371 1837 1431 von
1869 1369 1921 1429 der
1942 1368 2009 1428 Last
2040 1366 2091 1426 der
2118 1369 2231 1429 Jahre

1226 1419 1385 1479 gedrückt,
1411 1419 1473 1479 und
1495 1419 1587 1479 konte
1608 1419 1654 1479 die
1680 1419 1799 1479 äussere
1836 1416 1912 1476 Luft
1939 1415 2021 1475 nicht
2048 1416 2238 1476 vertragen,

1222 1468 1269 1528 als
1297 1468 1360 1528 nur
1382 1470 1434 1530 bey
1462 1470 1599 1530 warmen
1632 1470 1775 1530 Wetter.
1829 1465 1919 1525 Man
1946 1464 2072 1524 führete
2095 1466 2147 1526 ihn
2174 1464 2243 1524 spa¬

1223 1521 1328 1581 tzieren
1369 1520 1419 1580 bey
1455 1518 1732 1578 Sonnenschein,
1753 1517 1818 1577 und
1849 1517 1884 1577 da
1920 1515 2010 1575 konte
2036 1515 2066 1575 er
2097 1512 2127 1572 es
2157 1514 2232 1574 über

1226 1569 1282 1629 100
1319 1571 1468 1631 Schritte
1490 1569 1567 1629 weit
1583 1569 1660 1629 kaum
1702 1566 1898 1626 aushalten.
1935 1563 2017 1623 Eine
2044 1565 2240 1625 Unverdau¬

1218 1619 1356 1679 lichkeit,
1385 1619 1512 1679 worauf
1535 1619 1579 1679 ein
1607 1619 1723 1679 Husten
1752 1619 1812 1679 mit
1835 1616 1873 1676 ein
1902 1613 2007 1673 wenig
2030 1614 2140 1674 Fieber
2158 1615 2235 1675 folg¬

1220 1676 1269 1736 te,
1297 1673 1435 1733 versetzte
1458 1673 1512 1733 ihn
1541 1673 1568 1733 in
1596 1670 1662 1730 eine
1690 1672 1751 1732 Art
1774 1670 1828 1730 von
1857 1667 2083 1727 Schlafsucht,
2117 1667 2227 1727 woran

1228 1727 1255 1787 er
1284 1727 1437 1787 zuweilen
1472 1726 1574 1786 einige
1603 1724 1818 1784 Augenblicke
1847 1721 2017 1781 erwachte,
2046 1721 2120 1781 aber
2155 1720 2239 1780 ohne

1232 1781 1318 1841 reden
1348 1780 1376 1840 zu
1411 1781 1561 1841 können;
1584 1778 1636 1838 der
1665 1778 1769 1838 ganze
1792 1775 1971 1835 Obertheil
1995 1775 2046 1835 der
2064 1772 2236 1832 Luströhre

1232 1826 1347 1886 schiene
1369 1828 1516 1888 gelähmt
1538 1828 1569 1888 zu
1596 1825 1690 1885 seyn;
1717 1825 1748 1885 er
1769 1825 1869 1885 runge
1896 1822 1995 1882 jedoch
2022 1821 2037 1881 3
2064 1821 2153 1881 Tage
2175 1822 2237 1882 mit

1227 1868 1276 1928 dem
1326 1868 1434 1928 Tode,
1459 1871 1518 1931 und
1553 1869 1631 1929 starb
1666 1870 1755 1930 nicht
1775 1870 1863 1930 eher,
1893 1868 1943 1928 als
1978 1870 2026 1930 bis
2061 1870 2111 1930 die
2141 1873 2239 1933 ganze

1228 1912 1398 1972 erschöͤpfte
1420 1915 1533 1975 Natur
1559 1915 1610 1975 von
1642 1915 1761 1975 selbsten
1792 1913 1890 1973 stehen
1922 1915 2020 1975 blieb.

1418 1960 1504 2020 (Der
1528 1962 1683 2022 Beschluß
1713 1961 1793 2021 folgt
1817 1963 1978 2023 künftig.)

1417 2020 1483 2080 Aus
1517 2020 1705 2080 Burgund,
1744 2020 1799 2080 vom
1850 2020 1910 2080 11.
1938 2021 2026 2081 Aug.

1270 2080 1319 2140 In
1353 2079 1402 2139 den
1430 2076 1558 2136 hiesigen
1591 2079 1768 2139 Gegenden
1797 2077 1851 2137 hat
1869 2079 1940 2139 man
1968 2077 2018 2137 bey
2046 2079 2095 2139 dem
2135 2080 2228 2140 besten

1221 2132 1346 2192 Wetter
1368 2128 1416 2188 die
1439 2127 1520 2187 beste
1542 2124 1667 2184 Erndte
1689 2129 1825 2189 gehabt.
1875 2127 2043 2187 Niemals
2066 2127 2103 2187 ist
2120 2127 2147 2187 so
2169 2130 2239 2190 vol¬

1218 2184 1282 2244 les,
1306 2182 1334 2242 so
1358 2178 1481 2238 schönes
1510 2178 1568 2238 und
1598 2178 1627 2238 so
1651 2181 1872 2241 überflüßiges
1902 2178 1983 2238 Korn
2007 2181 2135 2241 gesehen
2154 2181 2240 2241 wor¬

1224 2234 1300 2294 den.
1351 2226 1422 2286 Der
1450 2229 1555 2289 Preis
1583 2229 1660 2289 wird
1688 2231 1749 2291 also
1777 2231 1876 2291 davon
1904 2231 2003 2291 gewiß
2031 2231 2119 2291 fallen
2153 2231 2235 2291 müs¬

1228 2282 1271 2342 sen
1299 2277 1434 2337 obgleich
1461 2276 1515 2336 der
1537 2279 1650 2339 Hagel
1667 2283 1699 2343 an
1732 2282 1851 2342 einigen
1884 2282 1981 2342 Orten
2008 2282 2100 2342 vielen
2128 2282 2235 2342 Scha¬

1229 2334 1275 2394 den
1304 2330 1414 2390 gethan
1438 2328 1513 2388 hat.
1560 2330 1623 2390 Ein
1658 2334 1745 2394 Sack
1769 2336 1867 2396 neuer
1897 2336 2036 2396 Roggen
2071 2333 2134 2393 200
2169 2333 2232 2393 Pf.

1223 2379 1397 2439 Gewicht,
1430 2375 1508 2435 wird
1541 2381 1598 2441 auf
1631 2384 1678 2444 dem
1732 2387 1854 2447 Markt
1881 2384 1912 2444 zu
1944 2384 2113 2444 Besancon
2146 2382 2172 2442 zu
2204 2382 2219 2442 9

1229 2432 1364 2492 Franken
1393 2425 1404 2485 8
1439 2426 1535 2486 Sols
1564 2435 1734 2495 verkauft.
1780 2436 1864 2496 Das
1893 2434 1960 2494 Heu
2001 2432 2035 2492 ist
2064 2432 2227 2492 gleichfals

1225 2482 1284 2542 gut
1303 2479 1363 2539 und
1388 2476 1526 2536 reichlich
1551 2485 1817 2545 eingekommen,
1842 2482 1931 2542 allein
1957 2479 2059 2539 wegen
2089 2479 2234 2539 Mangel

1228 2532 1275 2592 des
1302 2527 1433 2587 Regens
1460 2528 1539 2588 wird
1567 2535 1635 2595 man
1667 2538 1751 2598 nicht
1773 2533 1835 2593 viel
1857 2530 2042 2590 Grummet
2064 2530 2232 2590 erlangen.

1475 2596 1677 2656 London,
1715 2595 1778 2655 vom
1823 2590 1886 2650 21.
1912 2590 2005 2650 Aug.

1278 2647 1320 2707 An
1352 2649 1400 2709 den
1432 2652 1535 2712 Herrn
1567 2658 1640 2718 Pitt
1659 2656 1720 2716 sind
1745 2651 1800 2711 seit
1820 2649 1868 2709 dem
1912 2652 2065 2712 Freytage
2090 2652 2219 2712 Abends

1227 2697 1348 2757 zweene
1371 2703 1537 2763 Expressen
1565 2709 1631 2769 nach
1654 2705 1765 2765 Hayes
1782 2697 1954 2757 abgesandt
1971 2700 2115 2760 worden.
2149 2700 2226 2760 Den

1230 2748 1318 2808 18ten
1348 2748 1442 2808 dieses
1472 2756 1561 2816 gieng
1585 2756 1691 2816 alhier
1709 2751 1797 2811 Herr
1815 2751 1986 2811 Magens,
2017 2751 2057 2811 ein
2082 2749 2228 2809 berühm¬

1224 2799 1268 2859 ter
1292 2799 1421 2859 hiesiger
1444 2808 1636 2868 Kaufmann
1670 2803 1727 2863 von
1761 2799 1959 2859 Hamburg,
1982 2800 2043 2860 mit
2061 2799 2151 2859 Tode
2174 2801 2230 2861 ab,

1227 2852 1288 2912 und
1319 2849 1387 2909 man
1412 2855 1497 2915 sagt,
1522 2858 1578 2918 daß
1603 2855 1738 2915 derselbe
1757 2849 1836 2909 über
1862 2852 1997 2912 100000
2028 2850 2096 2910 Pf.
2115 2849 2231 2909 Sterl.

1228 2906 1430 2966 hinterlassen
1464 2912 1567 2972 habe.

2116 2951 2231 3011 War=
