<?xml version="1.0" encoding="UTF-8" standalone="yes"?>
<PcGts xmlns="http://schema.primaresearch.org/PAGE/gts/pagecontent/2013-07-15" xmlns:xsi="http://www.w3.org/2001/XMLSchema-instance" xsi:schemaLocation="http://schema.primaresearch.org/PAGE/gts/pagecontent/2013-07-15 http://schema.primaresearch.org/PAGE/gts/pagecontent/2013-07-15/pagecontent.xsd">
    <Metadata>
        <Creator>prov=READ-COOP:name=PyLaia@TranskribusPlatform:version=2.12.1:model_id=39995:lm=none:date=06_04_2024_21:21</Creator>
        <Created>2024-04-06T20:48:00.137+02:00</Created>
        <LastChange>2024-04-06T21:21:17.275+02:00</LastChange>
        <TranskribusMetadata docId="1918480" pageId="67853532" pageNr="2" tsid="157147680" status="IN_PROGRESS" userId="222699" imgUrl="https://files.transkribus.eu/Get?id=NODSDZUVQWAHLTMRREPRPUSP&amp;fileType=view" xmlUrl="https://files.transkribus.eu/Get?id=KHNLLACSDJKBONVVBNFSHTDC" imageId="54155577"/>
    </Metadata>
    <Page imageFilename="67853532.jpg" imageWidth="2479" imageHeight="3508">
        <ReadingOrder>
            <OrderedGroup id="ro_1712431277276" caption="Regions reading order">
                <RegionRefIndexed index="0" regionRef="r_10"/>
                <RegionRefIndexed index="1" regionRef="r_11"/>
            </OrderedGroup>
        </ReadingOrder>
        <Relations/>
        <TextRegion id="r_10" custom="readingOrder {index:0;}">
            <Coords points="209,347 1282,347 1282,3042 209,3042"/>
            <TextLine id="r_10_tl_1" custom="readingOrder {index:0;}">
                <Coords points="285,424 1254,421 1254,348 1144,338 1070,374 285,364"/>
                <Baseline points="292,406 337,409 382,409 426,406 471,409 516,406 561,406 606,403 650,403 695,403 740,403 785,403 829,403 874,406 919,403 964,403 1009,403 1053,403 1098,403 1143,406 1188,403 1233,406 1256,406"/>
                <Word id="r_10_tl_1_w1" custom="readingOrder {index:0;}">
                    <Coords points="286,369 286,429 409,429 409,369"/>
                    <TextEquiv>
                        <Unicode>Dieses</Unicode>
                    </TextEquiv>
                </Word>
                <Word id="r_10_tl_1_w2" custom="readingOrder {index:1;}">
                    <Coords points="433,367 433,427 562,427 562,367"/>
                    <TextEquiv>
                        <Unicode>müßige</Unicode>
                    </TextEquiv>
                </Word>
                <Word id="r_10_tl_1_w3" custom="readingOrder {index:2;}">
                    <Coords points="591,363 591,423 681,423 681,363"/>
                    <TextEquiv>
                        <Unicode>Leben</Unicode>
                    </TextEquiv>
                </Word>
                <Word id="r_10_tl_1_w4" custom="readingOrder {index:3;}">
                    <Coords points="715,363 715,423 794,423 794,363"/>
                    <TextEquiv>
                        <Unicode>setzte</Unicode>
                    </TextEquiv>
                </Word>
                <Word id="r_10_tl_1_w5" custom="readingOrder {index:4;}">
                    <Coords points="817,363 817,423 845,423 845,363"/>
                    <TextEquiv>
                        <Unicode>er</Unicode>
                    </TextEquiv>
                </Word>
                <Word id="r_10_tl_1_w6" custom="readingOrder {index:5;}">
                    <Coords points="868,363 868,423 1144,423 1144,363"/>
                    <TextEquiv>
                        <Unicode>ununterbrochen</Unicode>
                    </TextEquiv>
                </Word>
                <Word id="r_10_tl_1_w7" custom="readingOrder {index:6;}">
                    <Coords points="1173,364 1173,424 1251,424 1251,364"/>
                    <TextEquiv>
                        <Unicode>fort,</Unicode>
                    </TextEquiv>
                </Word>
                <TextEquiv>
                    <Unicode>Dieses müßige Leben setzte er ununterbrochen fort,</Unicode>
                </TextEquiv>
            </TextLine>
            <TextLine id="r_10_tl_2" custom="readingOrder {index:1;}">
                <Coords points="231,468 1255,469 1255,421 1132,407 231,420"/>
                <Baseline points="238,459 274,456 319,459 364,456 409,456 453,456 498,456 543,453 588,453 632,450 677,450 722,450 767,453 812,453 856,453 901,453 946,453 991,453 1035,453 1080,453 1125,453 1170,453 1215,453 1259,453"/>
                <Word id="r_10_tl_2_w1" custom="readingOrder {index:0;}">
                    <Coords points="237,417 237,477 285,477 285,417"/>
                    <TextEquiv>
                        <Unicode>bis</Unicode>
                    </TextEquiv>
                </Word>
                <Word id="r_10_tl_2_w2" custom="readingOrder {index:1;}">
                    <Coords points="313,417 313,477 361,477 361,417"/>
                    <TextEquiv>
                        <Unicode>ihn</Unicode>
                    </TextEquiv>
                </Word>
                <Word id="r_10_tl_2_w3" custom="readingOrder {index:2;}">
                    <Coords points="394,416 394,476 432,476 432,416"/>
                    <TextEquiv>
                        <Unicode>ein</Unicode>
                    </TextEquiv>
                </Word>
                <Word id="r_10_tl_2_w4" custom="readingOrder {index:3;}">
                    <Coords points="465,412 465,472 730,472 730,412"/>
                    <TextEquiv>
                        <Unicode>unvermutheter</Unicode>
                    </TextEquiv>
                </Word>
                <Word id="r_10_tl_2_w5" custom="readingOrder {index:4;}">
                    <Coords points="748,413 748,473 856,473 856,413"/>
                    <TextEquiv>
                        <Unicode>Zufall</Unicode>
                    </TextEquiv>
                </Word>
                <Word id="r_10_tl_2_w6" custom="readingOrder {index:5;}">
                    <Coords points="878,413 878,473 926,473 926,413"/>
                    <TextEquiv>
                        <Unicode>zum</Unicode>
                    </TextEquiv>
                </Word>
                <Word id="r_10_tl_2_w7" custom="readingOrder {index:6;}">
                    <Coords points="971,413 971,473 1144,473 1144,413"/>
                    <TextEquiv>
                        <Unicode>erstenmal</Unicode>
                    </TextEquiv>
                </Word>
                <Word id="r_10_tl_2_w8" custom="readingOrder {index:7;}">
                    <Coords points="1166,413 1166,473 1252,473 1252,413"/>
                    <TextEquiv>
                        <Unicode>trau¬</Unicode>
                    </TextEquiv>
                </Word>
                <TextEquiv>
                    <Unicode>bis ihn ein unvermutheter Zufall zum erstenmal trau¬</Unicode>
                </TextEquiv>
            </TextLine>
            <TextLine id="r_10_tl_3" custom="readingOrder {index:2;}">
                <Coords points="234,518 1261,509 1261,473 1199,459 234,477"/>
                <Baseline points="241,507 277,507 322,507 367,507 412,504 456,504 501,507 546,504 591,501 635,501 680,501 725,501 770,504 815,501 859,504 904,504 949,504 994,501 1038,501 1083,501 1128,501 1173,504 1218,501 1262,501"/>
                <Word id="r_10_tl_3_w1" custom="readingOrder {index:0;}">
                    <Coords points="239,467 239,527 286,527 286,467"/>
                    <TextEquiv>
                        <Unicode>rig</Unicode>
                    </TextEquiv>
                </Word>
                <Word id="r_10_tl_3_w2" custom="readingOrder {index:1;}">
                    <Coords points="318,465 318,525 455,525 455,465"/>
                    <TextEquiv>
                        <Unicode>machte.</Unicode>
                    </TextEquiv>
                </Word>
                <Word id="r_10_tl_3_w3" custom="readingOrder {index:2;}">
                    <Coords points="504,465 504,525 556,525 556,465"/>
                    <TextEquiv>
                        <Unicode>In</Unicode>
                    </TextEquiv>
                </Word>
                <Word id="r_10_tl_3_w4" custom="readingOrder {index:3;}">
                    <Coords points="593,461 593,521 645,521 645,461"/>
                    <TextEquiv>
                        <Unicode>der</Unicode>
                    </TextEquiv>
                </Word>
                <Word id="r_10_tl_3_w5" custom="readingOrder {index:4;}">
                    <Coords points="672,462 672,522 810,522 810,462"/>
                    <TextEquiv>
                        <Unicode>Gegend</Unicode>
                    </TextEquiv>
                </Word>
                <Word id="r_10_tl_3_w6" custom="readingOrder {index:5;}">
                    <Coords points="842,464 842,524 878,524 878,464"/>
                    <TextEquiv>
                        <Unicode>am</Unicode>
                    </TextEquiv>
                </Word>
                <Word id="r_10_tl_3_w7" custom="readingOrder {index:6;}">
                    <Coords points="921,461 921,521 1053,521 1053,461"/>
                    <TextEquiv>
                        <Unicode>Jordan</Unicode>
                    </TextEquiv>
                </Word>
                <Word id="r_10_tl_3_w8" custom="readingOrder {index:7;}">
                    <Coords points="1085,461 1085,521 1185,521 1185,461"/>
                    <TextEquiv>
                        <Unicode>genoß</Unicode>
                    </TextEquiv>
                </Word>
                <Word id="r_10_tl_3_w9" custom="readingOrder {index:8;}">
                    <Coords points="1217,461 1217,521 1248,521 1248,461"/>
                    <TextEquiv>
                        <Unicode>er</Unicode>
                    </TextEquiv>
                </Word>
                <TextEquiv>
                    <Unicode>rig machte. In der Gegend am Jordan genoß er</Unicode>
                </TextEquiv>
            </TextLine>
            <TextLine id="r_10_tl_4" custom="readingOrder {index:3;}">
                <Coords points="236,565 1259,560 1259,508 236,518"/>
                <Baseline points="244,555 277,555 322,555 367,552 412,552 456,552 501,549 546,552 591,549 635,552 680,552 725,549 770,552 815,552 859,552 904,552 949,552 994,552 1038,552 1083,552 1128,549 1173,552 1218,549 1262,549"/>
                <Word id="r_10_tl_4_w1" custom="readingOrder {index:0;}">
                    <Coords points="242,515 242,575 295,575 295,515"/>
                    <TextEquiv>
                        <Unicode>den</Unicode>
                    </TextEquiv>
                </Word>
                <Word id="r_10_tl_4_w2" custom="readingOrder {index:1;}">
                    <Coords points="323,512 323,572 486,572 486,512"/>
                    <TextEquiv>
                        <Unicode>Frühling</Unicode>
                    </TextEquiv>
                </Word>
                <Word id="r_10_tl_4_w3" custom="readingOrder {index:2;}">
                    <Coords points="513,511 513,571 572,571 572,511"/>
                    <TextEquiv>
                        <Unicode>und</Unicode>
                    </TextEquiv>
                </Word>
                <Word id="r_10_tl_4_w4" custom="readingOrder {index:3;}">
                    <Coords points="600,512 600,572 681,572 681,512"/>
                    <TextEquiv>
                        <Unicode>seine</Unicode>
                    </TextEquiv>
                </Word>
                <Word id="r_10_tl_4_w5" custom="readingOrder {index:4;}">
                    <Coords points="703,512 703,572 882,572 882,512"/>
                    <TextEquiv>
                        <Unicode>Wollüste.</Unicode>
                    </TextEquiv>
                </Word>
                <Word id="r_10_tl_4_w6" custom="readingOrder {index:5;}">
                    <Coords points="942,512 942,572 1001,572 1001,512"/>
                    <TextEquiv>
                        <Unicode>Da</Unicode>
                    </TextEquiv>
                </Word>
                <Word id="r_10_tl_4_w7" custom="readingOrder {index:6;}">
                    <Coords points="1029,512 1029,572 1110,572 1110,512"/>
                    <TextEquiv>
                        <Unicode>eines</Unicode>
                    </TextEquiv>
                </Word>
                <Word id="r_10_tl_4_w8" custom="readingOrder {index:7;}">
                    <Coords points="1143,510 1143,570 1251,570 1251,510"/>
                    <TextEquiv>
                        <Unicode>Tages</Unicode>
                    </TextEquiv>
                </Word>
                <TextEquiv>
                    <Unicode>den Frühling und seine Wollüste. Da eines Tages</Unicode>
                </TextEquiv>
            </TextLine>
            <TextLine id="r_10_tl_5" custom="readingOrder {index:4;}">
                <Coords points="252,622 1255,607 1236,556 252,568"/>
                <Baseline points="259,603 274,603 319,600 364,600 409,603 453,600 498,603 543,603 588,603 632,600 677,603 722,603 767,603 812,603 856,600 901,600 946,600 991,600 1035,600 1080,600 1125,600 1170,600 1215,600 1259,597"/>
                <Word id="r_10_tl_5_w1" custom="readingOrder {index:0;}">
                    <Coords points="247,562 247,622 328,622 328,562"/>
                    <TextEquiv>
                        <Unicode>seine</Unicode>
                    </TextEquiv>
                </Word>
                <Word id="r_10_tl_5_w2" custom="readingOrder {index:1;}">
                    <Coords points="355,562 355,622 453,622 453,562"/>
                    <TextEquiv>
                        <Unicode>Tafel</Unicode>
                    </TextEquiv>
                </Word>
                <Word id="r_10_tl_5_w3" custom="readingOrder {index:2;}">
                    <Coords points="474,563 474,623 530,623 530,563"/>
                    <TextEquiv>
                        <Unicode>mit</Unicode>
                    </TextEquiv>
                </Word>
                <Word id="r_10_tl_5_w4" custom="readingOrder {index:3;}">
                    <Coords points="551,563 551,623 623,623 623,563"/>
                    <TextEquiv>
                        <Unicode>allen</Unicode>
                    </TextEquiv>
                </Word>
                <Word id="r_10_tl_5_w5" custom="readingOrder {index:4;}">
                    <Coords points="649,563 649,623 799,623 799,563"/>
                    <TextEquiv>
                        <Unicode>Früchten</Unicode>
                    </TextEquiv>
                </Word>
                <Word id="r_10_tl_5_w6" custom="readingOrder {index:5;}">
                    <Coords points="830,560 830,620 881,620 881,560"/>
                    <TextEquiv>
                        <Unicode>des</Unicode>
                    </TextEquiv>
                </Word>
                <Word id="r_10_tl_5_w7" custom="readingOrder {index:6;}">
                    <Coords points="907,560 907,620 1046,620 1046,560"/>
                    <TextEquiv>
                        <Unicode>Landes,</Unicode>
                    </TextEquiv>
                </Word>
                <Word id="r_10_tl_5_w8" custom="readingOrder {index:7;}">
                    <Coords points="1073,560 1073,620 1135,620 1135,560"/>
                    <TextEquiv>
                        <Unicode>und</Unicode>
                    </TextEquiv>
                </Word>
                <Word id="r_10_tl_5_w9" custom="readingOrder {index:8;}">
                    <Coords points="1161,560 1161,620 1253,620 1253,560"/>
                    <TextEquiv>
                        <Unicode>unter</Unicode>
                    </TextEquiv>
                </Word>
                <TextEquiv>
                    <Unicode>seine Tafel mit allen Früchten des Landes, und unter</Unicode>
                </TextEquiv>
            </TextLine>
            <TextLine id="r_10_tl_6" custom="readingOrder {index:5;}">
                <Coords points="243,662 1257,658 1257,607 1208,605 243,619"/>
                <Baseline points="250,653 274,653 319,650 364,650 409,650 453,647 498,647 543,650 588,650 632,650 677,647 722,647 767,650 812,650 856,650 901,650 946,650 991,647 1035,650 1080,650 1125,650 1170,650 1215,647 1259,644"/>
                <Word id="r_10_tl_6_w1" custom="readingOrder {index:0;}">
                    <Coords points="246,611 246,671 362,671 362,611"/>
                    <TextEquiv>
                        <Unicode>andern</Unicode>
                    </TextEquiv>
                </Word>
                <Word id="r_10_tl_6_w2" custom="readingOrder {index:1;}">
                    <Coords points="396,608 396,668 452,668 452,608"/>
                    <TextEquiv>
                        <Unicode>mit</Unicode>
                    </TextEquiv>
                </Word>
                <Word id="r_10_tl_6_w3" custom="readingOrder {index:2;}">
                    <Coords points="476,610 476,670 709,670 709,610"/>
                    <TextEquiv>
                        <Unicode>Weintrauben</Unicode>
                    </TextEquiv>
                </Word>
                <Word id="r_10_tl_6_w4" custom="readingOrder {index:3;}">
                    <Coords points="737,609 737,669 793,669 793,609"/>
                    <TextEquiv>
                        <Unicode>von</Unicode>
                    </TextEquiv>
                </Word>
                <Word id="r_10_tl_6_w5" custom="readingOrder {index:4;}">
                    <Coords points="826,610 826,670 910,670 910,610"/>
                    <TextEquiv>
                        <Unicode>einer</Unicode>
                    </TextEquiv>
                </Word>
                <Word id="r_10_tl_6_w6" custom="readingOrder {index:5;}">
                    <Coords points="934,610 934,670 1247,670 1247,610"/>
                    <TextEquiv>
                        <Unicode>außerordentlichen</Unicode>
                    </TextEquiv>
                </Word>
                <TextEquiv>
                    <Unicode>andern mit Weintrauben von einer außerordentlichen</Unicode>
                </TextEquiv>
            </TextLine>
            <TextLine id="r_10_tl_7" custom="readingOrder {index:6;}">
                <Coords points="245,717 1253,709 1253,664 1187,654 245,664"/>
                <Baseline points="253,701 271,701 316,701 361,698 406,701 450,701 495,701 540,701 585,701 629,701 674,701 719,701 764,701 809,698 853,701 898,701 943,698 988,698 1032,698 1077,698 1122,698 1167,698 1212,695 1256,698"/>
                <Word id="r_10_tl_7_w1" custom="readingOrder {index:0;}">
                    <Coords points="245,661 245,721 363,721 363,661"/>
                    <TextEquiv>
                        <Unicode>Größe</Unicode>
                    </TextEquiv>
                </Word>
                <Word id="r_10_tl_7_w2" custom="readingOrder {index:1;}">
                    <Coords points="389,661 389,721 497,721 497,661"/>
                    <TextEquiv>
                        <Unicode>besetzt</Unicode>
                    </TextEquiv>
                </Word>
                <Word id="r_10_tl_7_w3" custom="readingOrder {index:2;}">
                    <Coords points="523,661 523,721 616,721 616,661"/>
                    <TextEquiv>
                        <Unicode>war,</Unicode>
                    </TextEquiv>
                </Word>
                <Word id="r_10_tl_7_w4" custom="readingOrder {index:3;}">
                    <Coords points="648,661 648,721 740,721 740,661"/>
                    <TextEquiv>
                        <Unicode>warf</Unicode>
                    </TextEquiv>
                </Word>
                <Word id="r_10_tl_7_w5" custom="readingOrder {index:4;}">
                    <Coords points="756,660 756,720 802,720 802,660"/>
                    <TextEquiv>
                        <Unicode>er,</Unicode>
                    </TextEquiv>
                </Word>
                <Word id="r_10_tl_7_w6" custom="readingOrder {index:5;}">
                    <Coords points="828,661 828,721 915,721 915,661"/>
                    <TextEquiv>
                        <Unicode>einer</Unicode>
                    </TextEquiv>
                </Word>
                <Word id="r_10_tl_7_w7" custom="readingOrder {index:6;}">
                    <Coords points="942,658 942,718 1039,718 1039,658"/>
                    <TextEquiv>
                        <Unicode>seiner</Unicode>
                    </TextEquiv>
                </Word>
                <Word id="r_10_tl_7_w8" custom="readingOrder {index:7;}">
                    <Coords points="1066,658 1066,718 1256,718 1256,658"/>
                    <TextEquiv>
                        <Unicode>Geliebten,</Unicode>
                    </TextEquiv>
                </Word>
                <TextEquiv>
                    <Unicode>Größe besetzt war, warf er, einer seiner Geliebten,</Unicode>
                </TextEquiv>
            </TextLine>
            <TextLine id="r_10_tl_8" custom="readingOrder {index:7;}">
                <Coords points="245,761 1259,762 1259,708 1226,703 245,730"/>
                <Baseline points="253,752 277,752 322,752 367,752 412,752 456,749 501,749 546,749 591,749 635,749 680,749 725,749 770,749 815,749 859,749 904,749 949,746 994,746 1038,746 1083,746 1128,746 1173,746 1218,746 1262,743"/>
                <Word id="r_10_tl_8_w1" custom="readingOrder {index:0;}">
                    <Coords points="240,712 240,772 275,772 275,712"/>
                    <TextEquiv>
                        <Unicode>an</Unicode>
                    </TextEquiv>
                </Word>
                <Word id="r_10_tl_8_w2" custom="readingOrder {index:1;}">
                    <Coords points="302,712 302,772 431,772 431,712"/>
                    <TextEquiv>
                        <Unicode>welcher</Unicode>
                    </TextEquiv>
                </Word>
                <Word id="r_10_tl_8_w3" custom="readingOrder {index:2;}">
                    <Coords points="458,709 458,769 535,769 535,709"/>
                    <TextEquiv>
                        <Unicode>seine</Unicode>
                    </TextEquiv>
                </Word>
                <Word id="r_10_tl_8_w4" custom="readingOrder {index:3;}">
                    <Coords points="562,709 562,769 665,769 665,709"/>
                    <TextEquiv>
                        <Unicode>Seele</Unicode>
                    </TextEquiv>
                </Word>
                <Word id="r_10_tl_8_w5" custom="readingOrder {index:4;}">
                    <Coords points="681,709 681,769 779,769 779,709"/>
                    <TextEquiv>
                        <Unicode>hing,</Unicode>
                    </TextEquiv>
                </Word>
                <Word id="r_10_tl_8_w6" custom="readingOrder {index:5;}">
                    <Coords points="806,709 806,769 873,769 873,709"/>
                    <TextEquiv>
                        <Unicode>eine</Unicode>
                    </TextEquiv>
                </Word>
                <Word id="r_10_tl_8_w7" custom="readingOrder {index:6;}">
                    <Coords points="894,706 894,766 1091,766 1091,706"/>
                    <TextEquiv>
                        <Unicode>Weinbeere</Unicode>
                    </TextEquiv>
                </Word>
                <Word id="r_10_tl_8_w8" custom="readingOrder {index:7;}">
                    <Coords points="1112,706 1112,766 1163,766 1163,706"/>
                    <TextEquiv>
                        <Unicode>zu,</Unicode>
                    </TextEquiv>
                </Word>
                <Word id="r_10_tl_8_w9" custom="readingOrder {index:8;}">
                    <Coords points="1185,705 1185,765 1257,765 1257,705"/>
                    <TextEquiv>
                        <Unicode>wel¬</Unicode>
                    </TextEquiv>
                </Word>
                <TextEquiv>
                    <Unicode>an welcher seine Seele hing, eine Weinbeere zu, wel¬</Unicode>
                </TextEquiv>
            </TextLine>
            <TextLine id="r_10_tl_9" custom="readingOrder {index:8;}">
                <Coords points="245,810 1262,799 1222,750 247,762"/>
                <Baseline points="253,800 280,800 325,800 370,800 414,800 459,800 504,800 549,800 594,800 638,797 683,797 728,797 773,797 818,797 862,797 907,797 952,797 997,797 1041,797 1086,797 1131,797 1176,794 1221,794 1265,794"/>
                <Word id="r_10_tl_9_w1" custom="readingOrder {index:0;}">
                    <Coords points="245,760 245,820 297,820 297,760"/>
                    <TextEquiv>
                        <Unicode>che</Unicode>
                    </TextEquiv>
                </Word>
                <Word id="r_10_tl_9_w2" custom="readingOrder {index:1;}">
                    <Coords points="319,760 319,820 356,820 356,760"/>
                    <TextEquiv>
                        <Unicode>sie</Unicode>
                    </TextEquiv>
                </Word>
                <Word id="r_10_tl_9_w3" custom="readingOrder {index:2;}">
                    <Coords points="377,760 377,820 530,820 530,760"/>
                    <TextEquiv>
                        <Unicode>auffing,</Unicode>
                    </TextEquiv>
                </Word>
                <Word id="r_10_tl_9_w4" custom="readingOrder {index:3;}">
                    <Coords points="552,760 552,820 615,820 615,760"/>
                    <TextEquiv>
                        <Unicode>und</Unicode>
                    </TextEquiv>
                </Word>
                <Word id="r_10_tl_9_w5" custom="readingOrder {index:4;}">
                    <Coords points="648,757 648,817 721,817 721,757"/>
                    <TextEquiv>
                        <Unicode>essen</Unicode>
                    </TextEquiv>
                </Word>
                <Word id="r_10_tl_9_w6" custom="readingOrder {index:5;}">
                    <Coords points="754,757 754,817 880,817 880,757"/>
                    <TextEquiv>
                        <Unicode>wollte;</Unicode>
                    </TextEquiv>
                </Word>
                <Word id="r_10_tl_9_w7" custom="readingOrder {index:6;}">
                    <Coords points="918,757 918,817 991,817 991,757"/>
                    <TextEquiv>
                        <Unicode>aber</Unicode>
                    </TextEquiv>
                </Word>
                <Word id="r_10_tl_9_w8" custom="readingOrder {index:7;}">
                    <Coords points="1024,757 1024,817 1060,817 1060,757"/>
                    <TextEquiv>
                        <Unicode>sie</Unicode>
                    </TextEquiv>
                </Word>
                <Word id="r_10_tl_9_w9" custom="readingOrder {index:8;}">
                    <Coords points="1092,756 1092,816 1171,816 1171,756"/>
                    <TextEquiv>
                        <Unicode>blieb</Unicode>
                    </TextEquiv>
                </Word>
                <Word id="r_10_tl_9_w10" custom="readingOrder {index:9;}">
                    <Coords points="1204,754 1204,814 1256,814 1256,754"/>
                    <TextEquiv>
                        <Unicode>ihr</Unicode>
                    </TextEquiv>
                </Word>
                <TextEquiv>
                    <Unicode>che sie auffing, und essen wollte; aber sie blieb ihr</Unicode>
                </TextEquiv>
            </TextLine>
            <TextLine id="r_10_tl_10" custom="readingOrder {index:9;}">
                <Coords points="249,867 1261,851 1262,815 1176,801 251,810"/>
                <Baseline points="256,853 280,853 325,853 370,850 414,850 459,850 504,847 549,847 594,847 638,847 683,847 728,847 773,844 818,844 862,847 907,847 952,847 997,847 1041,844 1086,847 1131,844 1176,844 1221,844 1265,838"/>
                <Word id="r_10_tl_10_w1" custom="readingOrder {index:0;}">
                    <Coords points="244,813 244,873 371,873 371,813"/>
                    <TextEquiv>
                        <Unicode>stecken,</Unicode>
                    </TextEquiv>
                </Word>
                <Word id="r_10_tl_10_w2" custom="readingOrder {index:1;}">
                    <Coords points="398,810 398,870 434,870 434,810"/>
                    <TextEquiv>
                        <Unicode>sie</Unicode>
                    </TextEquiv>
                </Word>
                <Word id="r_10_tl_10_w3" custom="readingOrder {index:2;}">
                    <Coords points="456,807 456,867 562,867 562,807"/>
                    <TextEquiv>
                        <Unicode>wurde</Unicode>
                    </TextEquiv>
                </Word>
                <Word id="r_10_tl_10_w4" custom="readingOrder {index:3;}">
                    <Coords points="584,807 584,867 685,867 685,807"/>
                    <TextEquiv>
                        <Unicode>braun</Unicode>
                    </TextEquiv>
                </Word>
                <Word id="r_10_tl_10_w5" custom="readingOrder {index:4;}">
                    <Coords points="712,807 712,867 738,867 738,807"/>
                    <TextEquiv>
                        <Unicode>in</Unicode>
                    </TextEquiv>
                </Word>
                <Word id="r_10_tl_10_w6" custom="readingOrder {index:5;}">
                    <Coords points="766,804 766,864 855,864 855,804"/>
                    <TextEquiv>
                        <Unicode>ihrem</Unicode>
                    </TextEquiv>
                </Word>
                <Word id="r_10_tl_10_w7" custom="readingOrder {index:6;}">
                    <Coords points="898,807 898,867 1058,867 1058,807"/>
                    <TextEquiv>
                        <Unicode>Gesichte,</Unicode>
                    </TextEquiv>
                </Word>
                <Word id="r_10_tl_10_w8" custom="readingOrder {index:7;}">
                    <Coords points="1080,805 1080,865 1127,865 1127,805"/>
                    <TextEquiv>
                        <Unicode>der</Unicode>
                    </TextEquiv>
                </Word>
                <Word id="r_10_tl_10_w9" custom="readingOrder {index:8;}">
                    <Coords points="1149,804 1149,864 1238,864 1238,804"/>
                    <TextEquiv>
                        <Unicode>Odem</Unicode>
                    </TextEquiv>
                </Word>
                <TextEquiv>
                    <Unicode>stecken, sie wurde braun in ihrem Gesichte, der Odem</Unicode>
                </TextEquiv>
            </TextLine>
            <TextLine id="r_10_tl_11" custom="readingOrder {index:10;}">
                <Coords points="243,919 1259,903 1259,849 243,864"/>
                <Baseline points="250,898 277,898 322,898 367,898 412,898 456,898 501,895 546,898 591,895 635,895 680,898 725,895 770,895 815,898 859,895 904,895 949,895 994,895 1038,898 1083,895 1128,895 1173,895 1218,895 1262,895"/>
                <Word id="r_10_tl_11_w1" custom="readingOrder {index:0;}">
                    <Coords points="248,858 248,918 327,918 327,858"/>
                    <TextEquiv>
                        <Unicode>blieb</Unicode>
                    </TextEquiv>
                </Word>
                <Word id="r_10_tl_11_w2" custom="readingOrder {index:1;}">
                    <Coords points="354,858 354,918 486,918 486,858"/>
                    <TextEquiv>
                        <Unicode>zurück,</Unicode>
                    </TextEquiv>
                </Word>
                <Word id="r_10_tl_11_w3" custom="readingOrder {index:2;}">
                    <Coords points="513,857 513,917 575,917 575,857"/>
                    <TextEquiv>
                        <Unicode>und</Unicode>
                    </TextEquiv>
                </Word>
                <Word id="r_10_tl_11_w4" custom="readingOrder {index:3;}">
                    <Coords points="597,855 597,915 634,915 634,855"/>
                    <TextEquiv>
                        <Unicode>sie</Unicode>
                    </TextEquiv>
                </Word>
                <Word id="r_10_tl_11_w5" custom="readingOrder {index:4;}">
                    <Coords points="661,855 661,915 766,915 766,855"/>
                    <TextEquiv>
                        <Unicode>mußte</Unicode>
                    </TextEquiv>
                </Word>
                <Word id="r_10_tl_11_w6" custom="readingOrder {index:5;}">
                    <Coords points="793,857 793,917 850,917 850,857"/>
                    <TextEquiv>
                        <Unicode>auf</Unicode>
                    </TextEquiv>
                </Word>
                <Word id="r_10_tl_11_w7" custom="readingOrder {index:6;}">
                    <Coords points="877,855 877,915 930,915 930,855"/>
                    <TextEquiv>
                        <Unicode>der</Unicode>
                    </TextEquiv>
                </Word>
                <Word id="r_10_tl_11_w8" custom="readingOrder {index:7;}">
                    <Coords points="957,856 957,916 1067,916 1067,856"/>
                    <TextEquiv>
                        <Unicode>Stelle</Unicode>
                    </TextEquiv>
                </Word>
                <Word id="r_10_tl_11_w9" custom="readingOrder {index:8;}">
                    <Coords points="1094,855 1094,915 1257,915 1257,855"/>
                    <TextEquiv>
                        <Unicode>ersticken.</Unicode>
                    </TextEquiv>
                </Word>
                <TextEquiv>
                    <Unicode>blieb zurück, und sie mußte auf der Stelle ersticken.</Unicode>
                </TextEquiv>
            </TextLine>
            <TextLine id="r_10_tl_12" custom="readingOrder {index:11;}">
                <Coords points="243,955 1264,961 1264,908 1219,900 243,919"/>
                <Baseline points="250,946 283,946 328,949 373,949 417,949 462,946 507,949 552,946 597,946 641,946 686,946 731,946 776,946 821,946 865,946 910,946 955,946 1000,946 1044,946 1089,946 1134,943 1179,943 1224,940 1268,943"/>
                <Word id="r_10_tl_12_w1" custom="readingOrder {index:0;}">
                    <Coords points="249,909 249,969 437,969 437,909"/>
                    <TextEquiv>
                        <Unicode>Untröstlich</Unicode>
                    </TextEquiv>
                </Word>
                <Word id="r_10_tl_12_w2" custom="readingOrder {index:1;}">
                    <Coords points="466,908 466,968 541,968 541,908"/>
                    <TextEquiv>
                        <Unicode>über</Unicode>
                    </TextEquiv>
                </Word>
                <Word id="r_10_tl_12_w3" custom="readingOrder {index:2;}">
                    <Coords points="563,906 563,966 660,966 660,906"/>
                    <TextEquiv>
                        <Unicode>diesen</Unicode>
                    </TextEquiv>
                </Word>
                <Word id="r_10_tl_12_w4" custom="readingOrder {index:3;}">
                    <Coords points="693,906 693,966 817,966 817,906"/>
                    <TextEquiv>
                        <Unicode>Zufall,</Unicode>
                    </TextEquiv>
                </Word>
                <Word id="r_10_tl_12_w5" custom="readingOrder {index:4;}">
                    <Coords points="834,906 834,966 953,966 953,906"/>
                    <TextEquiv>
                        <Unicode>gerieth</Unicode>
                    </TextEquiv>
                </Word>
                <Word id="r_10_tl_12_w6" custom="readingOrder {index:5;}">
                    <Coords points="980,906 980,966 1007,966 1007,906"/>
                    <TextEquiv>
                        <Unicode>er</Unicode>
                    </TextEquiv>
                </Word>
                <Word id="r_10_tl_12_w7" custom="readingOrder {index:6;}">
                    <Coords points="1034,906 1034,966 1055,966 1055,906"/>
                    <TextEquiv>
                        <Unicode>in</Unicode>
                    </TextEquiv>
                </Word>
                <Word id="r_10_tl_12_w8" custom="readingOrder {index:7;}">
                    <Coords points="1089,904 1089,964 1132,964 1132,904"/>
                    <TextEquiv>
                        <Unicode>die</Unicode>
                    </TextEquiv>
                </Word>
                <Word id="r_10_tl_12_w9" custom="readingOrder {index:8;}">
                    <Coords points="1159,901 1159,961 1256,961 1256,901"/>
                    <TextEquiv>
                        <Unicode>tiefste</Unicode>
                    </TextEquiv>
                </Word>
                <TextEquiv>
                    <Unicode>Untröstlich über diesen Zufall, gerieth er in die tiefste</Unicode>
                </TextEquiv>
            </TextLine>
            <TextLine id="r_10_tl_13" custom="readingOrder {index:12;}">
                <Coords points="252,1006 1262,1000 1262,961 1189,952 252,960"/>
                <Baseline points="259,997 268,997 313,997 358,997 403,997 447,997 492,997 538,993 538,993 585,997 629,994 674,997 719,994 764,994 809,997 853,997 898,994 943,994 988,994 1032,994 1077,994 1122,994 1167,994 1212,991 1256,991 1265,985"/>
                <Word id="r_10_tl_13_w1" custom="readingOrder {index:0;}">
                    <Coords points="252,957 252,1017 500,1017 500,957"/>
                    <TextEquiv>
                        <Unicode>Melancholey.</Unicode>
                    </TextEquiv>
                </Word>
                <Word id="r_10_tl_13_w2" custom="readingOrder {index:1;}">
                    <Coords points="522,954 522,1014 591,1014 591,954"/>
                    <TextEquiv>
                        <Unicode>Ihm</Unicode>
                    </TextEquiv>
                </Word>
                <Word id="r_10_tl_13_w3" custom="readingOrder {index:2;}">
                    <Coords points="629,956 629,1016 729,1016 729,956"/>
                    <TextEquiv>
                        <Unicode>tönten</Unicode>
                    </TextEquiv>
                </Word>
                <Word id="r_10_tl_13_w4" custom="readingOrder {index:3;}">
                    <Coords points="756,956 756,1016 835,1016 835,956"/>
                    <TextEquiv>
                        <Unicode>nicht</Unicode>
                    </TextEquiv>
                </Word>
                <Word id="r_10_tl_13_w5" custom="readingOrder {index:4;}">
                    <Coords points="852,954 852,1014 936,1014 936,954"/>
                    <TextEquiv>
                        <Unicode>mehr</Unicode>
                    </TextEquiv>
                </Word>
                <Word id="r_10_tl_13_w6" custom="readingOrder {index:5;}">
                    <Coords points="958,954 958,1014 1000,1014 1000,954"/>
                    <TextEquiv>
                        <Unicode>die</Unicode>
                    </TextEquiv>
                </Word>
                <Word id="r_10_tl_13_w7" custom="readingOrder {index:6;}">
                    <Coords points="1016,954 1016,1014 1254,1014 1254,954"/>
                    <TextEquiv>
                        <Unicode>Sängerinnen</Unicode>
                    </TextEquiv>
                </Word>
                <TextEquiv>
                    <Unicode>Melancholey. Ihm tönten nicht mehr die Sängerinnen</Unicode>
                </TextEquiv>
            </TextLine>
            <TextLine id="r_10_tl_14" custom="readingOrder {index:13;}">
                <Coords points="240,1052 1264,1056 1264,1010 1163,995 240,1009"/>
                <Baseline points="247,1044 283,1044 328,1044 373,1044 417,1044 462,1044 507,1044 552,1041 597,1044 641,1044 686,1041 731,1044 776,1041 821,1044 865,1044 910,1041 955,1041 1000,1041 1044,1041 1089,1041 1134,1044 1179,1041 1224,1041 1268,1038"/>
                <Word id="r_10_tl_14_w1" custom="readingOrder {index:0;}">
                    <Coords points="246,1004 246,1064 386,1064 386,1004"/>
                    <TextEquiv>
                        <Unicode>lieblich,</Unicode>
                    </TextEquiv>
                </Word>
                <Word id="r_10_tl_14_w2" custom="readingOrder {index:1;}">
                    <Coords points="409,1004 409,1064 462,1064 462,1004"/>
                    <TextEquiv>
                        <Unicode>ihn</Unicode>
                    </TextEquiv>
                </Word>
                <Word id="r_10_tl_14_w3" custom="readingOrder {index:2;}">
                    <Coords points="490,1001 490,1061 587,1061 587,1001"/>
                    <TextEquiv>
                        <Unicode>reizte</Unicode>
                    </TextEquiv>
                </Word>
                <Word id="r_10_tl_14_w4" custom="readingOrder {index:3;}">
                    <Coords points="610,1003 610,1063 691,1063 691,1003"/>
                    <TextEquiv>
                        <Unicode>nicht</Unicode>
                    </TextEquiv>
                </Word>
                <Word id="r_10_tl_14_w5" custom="readingOrder {index:4;}">
                    <Coords points="708,1002 708,1062 799,1062 799,1002"/>
                    <TextEquiv>
                        <Unicode>mehr</Unicode>
                    </TextEquiv>
                </Word>
                <Word id="r_10_tl_14_w6" custom="readingOrder {index:5;}">
                    <Coords points="822,1004 822,1064 870,1064 870,1004"/>
                    <TextEquiv>
                        <Unicode>die</Unicode>
                    </TextEquiv>
                </Word>
                <Word id="r_10_tl_14_w7" custom="readingOrder {index:6;}">
                    <Coords points="898,1001 898,1061 1012,1061 1012,1001"/>
                    <TextEquiv>
                        <Unicode>Tafel,</Unicode>
                    </TextEquiv>
                </Word>
                <Word id="r_10_tl_14_w8" custom="readingOrder {index:7;}">
                    <Coords points="1039,1001 1039,1061 1098,1061 1098,1001"/>
                    <TextEquiv>
                        <Unicode>und</Unicode>
                    </TextEquiv>
                </Word>
                <Word id="r_10_tl_14_w9" custom="readingOrder {index:8;}">
                    <Coords points="1132,1002 1132,1062 1180,1062 1180,1002"/>
                    <TextEquiv>
                        <Unicode>die</Unicode>
                    </TextEquiv>
                </Word>
                <Word id="r_10_tl_14_w10" custom="readingOrder {index:9;}">
                    <Coords points="1202,1000 1202,1060 1267,1060 1267,1000"/>
                    <TextEquiv>
                        <Unicode>Lie¬</Unicode>
                    </TextEquiv>
                </Word>
                <TextEquiv>
                    <Unicode>lieblich, ihn reizte nicht mehr die Tafel, und die Lie¬</Unicode>
                </TextEquiv>
            </TextLine>
            <TextLine id="r_10_tl_15" custom="readingOrder {index:14;}">
                <Coords points="240,1103 1271,1091 1244,1047 240,1056"/>
                <Baseline points="247,1092 289,1092 334,1092 379,1089 423,1092 468,1092 513,1089 558,1089 603,1089 647,1089 692,1089 737,1086 782,1089 826,1089 871,1086 916,1089 961,1089 1006,1089 1050,1089 1095,1089 1140,1089 1185,1089 1230,1086 1274,1086"/>
                <Word id="r_10_tl_15_w1" custom="readingOrder {index:0;}">
                    <Coords points="245,1052 245,1112 300,1112 300,1052"/>
                    <TextEquiv>
                        <Unicode>be.</Unicode>
                    </TextEquiv>
                </Word>
                <Word id="r_10_tl_15_w2" custom="readingOrder {index:1;}">
                    <Coords points="351,1049 351,1109 396,1109 396,1049"/>
                    <TextEquiv>
                        <Unicode>Er</Unicode>
                    </TextEquiv>
                </Word>
                <Word id="r_10_tl_15_w3" custom="readingOrder {index:2;}">
                    <Coords points="421,1052 421,1112 466,1112 466,1052"/>
                    <TextEquiv>
                        <Unicode>lag</Unicode>
                    </TextEquiv>
                </Word>
                <Word id="r_10_tl_15_w4" custom="readingOrder {index:3;}">
                    <Coords points="492,1049 492,1109 552,1109 552,1049"/>
                    <TextEquiv>
                        <Unicode>nur</Unicode>
                    </TextEquiv>
                </Word>
                <Word id="r_10_tl_15_w5" custom="readingOrder {index:4;}">
                    <Coords points="578,1049 578,1109 633,1109 633,1049"/>
                    <TextEquiv>
                        <Unicode>auf</Unicode>
                    </TextEquiv>
                </Word>
                <Word id="r_10_tl_15_w6" custom="readingOrder {index:5;}">
                    <Coords points="654,1049 654,1109 699,1109 699,1049"/>
                    <TextEquiv>
                        <Unicode>dem</Unicode>
                    </TextEquiv>
                </Word>
                <Word id="r_10_tl_15_w7" custom="readingOrder {index:6;}">
                    <Coords points="745,1049 745,1109 855,1109 855,1049"/>
                    <TextEquiv>
                        <Unicode>Grabe</Unicode>
                    </TextEquiv>
                </Word>
                <Word id="r_10_tl_15_w8" custom="readingOrder {index:7;}">
                    <Coords points="881,1049 881,1109 976,1109 976,1049"/>
                    <TextEquiv>
                        <Unicode>seiner</Unicode>
                    </TextEquiv>
                </Word>
                <Word id="r_10_tl_15_w9" custom="readingOrder {index:8;}">
                    <Coords points="1002,1049 1002,1109 1153,1109 1153,1049"/>
                    <TextEquiv>
                        <Unicode>geliebten</Unicode>
                    </TextEquiv>
                </Word>
                <Word id="r_10_tl_15_w10" custom="readingOrder {index:9;}">
                    <Coords points="1189,1046 1189,1106 1264,1106 1264,1046"/>
                    <TextEquiv>
                        <Unicode>Ha¬</Unicode>
                    </TextEquiv>
                </Word>
                <TextEquiv>
                    <Unicode>be. Er lag nur auf dem Grabe seiner geliebten Ha¬</Unicode>
                </TextEquiv>
            </TextLine>
            <TextLine id="r_10_tl_16" custom="readingOrder {index:15;}">
                <Coords points="243,1149 1270,1145 1261,1100 1042,1092 243,1112"/>
                <Baseline points="250,1140 292,1140 337,1137 382,1140 426,1140 471,1140 516,1134 561,1134 606,1134 650,1134 695,1134 740,1128 740,1128 785,1134 829,1134 874,1134 919,1134 964,1134 1009,1134 1053,1134 1098,1134 1143,1137 1188,1137 1233,1137 1271,1134"/>
                <Word id="r_10_tl_16_w1" custom="readingOrder {index:0;}">
                    <Coords points="243,1097 243,1157 407,1157 407,1097"/>
                    <TextEquiv>
                        <Unicode>babah.</Unicode>
                    </TextEquiv>
                </Word>
                <Word id="r_10_tl_16_w2" custom="readingOrder {index:1;}">
                    <Coords points="473,1094 473,1154 566,1154 566,1094"/>
                    <TextEquiv>
                        <Unicode>Sein</Unicode>
                    </TextEquiv>
                </Word>
                <Word id="r_10_tl_16_w3" custom="readingOrder {index:2;}">
                    <Coords points="599,1094 599,1154 703,1154 703,1094"/>
                    <TextEquiv>
                        <Unicode>Vezir</Unicode>
                    </TextEquiv>
                </Word>
                <Word id="r_10_tl_16_w4" custom="readingOrder {index:3;}">
                    <Coords points="731,1094 731,1154 933,1154 933,1094"/>
                    <TextEquiv>
                        <Unicode>Ibrahim</Unicode>
                    </TextEquiv>
                </Word>
                <Word id="r_10_tl_16_w5" custom="readingOrder {index:4;}">
                    <Coords points="983,1094 983,1154 1086,1154 1086,1094"/>
                    <TextEquiv>
                        <Unicode>suchte</Unicode>
                    </TextEquiv>
                </Word>
                <Word id="r_10_tl_16_w6" custom="readingOrder {index:5;}">
                    <Coords points="1114,1096 1114,1156 1169,1156 1169,1096"/>
                    <TextEquiv>
                        <Unicode>ihn</Unicode>
                    </TextEquiv>
                </Word>
                <Word id="r_10_tl_16_w7" custom="readingOrder {index:6;}">
                    <Coords points="1208,1096 1208,1156 1267,1156 1267,1096"/>
                    <TextEquiv>
                        <Unicode>aus</Unicode>
                    </TextEquiv>
                </Word>
                <TextEquiv>
                    <Unicode>babah. Sein Vezir Ibrahim suchte ihn aus</Unicode>
                </TextEquiv>
            </TextLine>
            <TextLine id="r_10_tl_17" custom="readingOrder {index:16;}">
                <Coords points="258,1205 1272,1201 1272,1146 1231,1142 258,1154"/>
                <Baseline points="265,1191 289,1188 334,1188 379,1185 423,1185 468,1185 513,1185 558,1185 603,1185 647,1185 692,1182 737,1185 782,1182 826,1182 871,1182 916,1182 961,1182 1006,1185 1050,1182 1095,1185 1140,1182 1185,1185 1230,1185 1274,1182"/>
                <Word id="r_10_tl_17_w1" custom="readingOrder {index:0;}">
                    <Coords points="258,1148 258,1208 350,1208 350,1148"/>
                    <TextEquiv>
                        <Unicode>seiner</Unicode>
                    </TextEquiv>
                </Word>
                <Word id="r_10_tl_17_w2" custom="readingOrder {index:1;}">
                    <Coords points="377,1145 377,1205 610,1205 610,1145"/>
                    <TextEquiv>
                        <Unicode>Schwermuth</Unicode>
                    </TextEquiv>
                </Word>
                <Word id="r_10_tl_17_w3" custom="readingOrder {index:2;}">
                    <Coords points="637,1144 637,1204 669,1204 669,1144"/>
                    <TextEquiv>
                        <Unicode>zu</Unicode>
                    </TextEquiv>
                </Word>
                <Word id="r_10_tl_17_w4" custom="readingOrder {index:3;}">
                    <Coords points="697,1143 697,1203 826,1203 826,1143"/>
                    <TextEquiv>
                        <Unicode>reißen;</Unicode>
                    </TextEquiv>
                </Word>
                <Word id="r_10_tl_17_w5" custom="readingOrder {index:4;}">
                    <Coords points="854,1142 854,1202 886,1202 886,1142"/>
                    <TextEquiv>
                        <Unicode>er</Unicode>
                    </TextEquiv>
                </Word>
                <Word id="r_10_tl_17_w6" custom="readingOrder {index:5;}">
                    <Coords points="908,1142 908,1202 1005,1202 1005,1142"/>
                    <TextEquiv>
                        <Unicode>stellte</Unicode>
                    </TextEquiv>
                </Word>
                <Word id="r_10_tl_17_w7" custom="readingOrder {index:6;}">
                    <Coords points="1022,1142 1022,1202 1075,1202 1075,1142"/>
                    <TextEquiv>
                        <Unicode>ihm</Unicode>
                    </TextEquiv>
                </Word>
                <Word id="r_10_tl_17_w8" custom="readingOrder {index:7;}">
                    <Coords points="1114,1142 1114,1202 1183,1202 1183,1142"/>
                    <TextEquiv>
                        <Unicode>vor,</Unicode>
                    </TextEquiv>
                </Word>
                <Word id="r_10_tl_17_w9" custom="readingOrder {index:8;}">
                    <Coords points="1200,1145 1200,1205 1259,1205 1259,1145"/>
                    <TextEquiv>
                        <Unicode>wie</Unicode>
                    </TextEquiv>
                </Word>
                <TextEquiv>
                    <Unicode>seiner Schwermuth zu reißen; er stellte ihm vor, wie</Unicode>
                </TextEquiv>
            </TextLine>
            <TextLine id="r_10_tl_18" custom="readingOrder {index:17;}">
                <Coords points="254,1254 1262,1252 1263,1200 1223,1192 256,1205"/>
                <Baseline points="262,1236 280,1238 325,1238 370,1236 414,1238 459,1236 504,1236 549,1236 594,1236 638,1236 683,1236 728,1236 773,1236 818,1233 862,1233 907,1236 952,1233 997,1233 1041,1233 1086,1233 1131,1236 1176,1233 1221,1233 1265,1233"/>
                <Word id="r_10_tl_18_w1" custom="readingOrder {index:0;}">
                    <Coords points="255,1198 255,1258 311,1258 311,1198"/>
                    <TextEquiv>
                        <Unicode>sein</Unicode>
                    </TextEquiv>
                </Word>
                <Word id="r_10_tl_18_w2" custom="readingOrder {index:1;}">
                    <Coords points="340,1196 340,1256 425,1256 425,1196"/>
                    <TextEquiv>
                        <Unicode>Volk</Unicode>
                    </TextEquiv>
                </Word>
                <Word id="r_10_tl_18_w3" custom="readingOrder {index:2;}">
                    <Coords points="448,1196 448,1256 526,1256 526,1196"/>
                    <TextEquiv>
                        <Unicode>seine</Unicode>
                    </TextEquiv>
                </Word>
                <Word id="r_10_tl_18_w4" custom="readingOrder {index:3;}">
                    <Coords points="545,1196 545,1256 760,1256 760,1196"/>
                    <TextEquiv>
                        <Unicode>Zurückkunft</Unicode>
                    </TextEquiv>
                </Word>
                <Word id="r_10_tl_18_w5" custom="readingOrder {index:4;}">
                    <Coords points="777,1193 777,1253 953,1253 953,1193"/>
                    <TextEquiv>
                        <Unicode>wünschte.</Unicode>
                    </TextEquiv>
                </Word>
                <Word id="r_10_tl_18_w6" custom="readingOrder {index:5;}">
                    <Coords points="983,1193 983,1253 1027,1253 1027,1193"/>
                    <TextEquiv>
                        <Unicode>Es</Unicode>
                    </TextEquiv>
                </Word>
                <Word id="r_10_tl_18_w7" custom="readingOrder {index:6;}">
                    <Coords points="1056,1194 1056,1254 1175,1254 1175,1194"/>
                    <TextEquiv>
                        <Unicode>nennet</Unicode>
                    </TextEquiv>
                </Word>
                <Word id="r_10_tl_18_w8" custom="readingOrder {index:7;}">
                    <Coords points="1187,1193 1187,1253 1265,1253 1265,1193"/>
                    <TextEquiv>
                        <Unicode>dich,</Unicode>
                    </TextEquiv>
                </Word>
                <TextEquiv>
                    <Unicode>sein Volk seine Zurückkunft wünschte. Es nennet dich,</Unicode>
                </TextEquiv>
            </TextLine>
            <TextLine id="r_10_tl_19" custom="readingOrder {index:18;}">
                <Coords points="254,1306 1264,1288 1264,1252 1180,1239 254,1258"/>
                <Baseline points="262,1292 283,1289 328,1289 373,1289 417,1289 462,1286 507,1286 552,1286 597,1286 641,1283 686,1283 731,1286 776,1286 821,1286 865,1283 910,1286 955,1283 1000,1283 1044,1283 1089,1283 1134,1283 1179,1283 1224,1280 1268,1277"/>
                <Word id="r_10_tl_19_w1" custom="readingOrder {index:0;}">
                    <Coords points="249,1249 249,1309 331,1309 331,1249"/>
                    <TextEquiv>
                        <Unicode>sagte</Unicode>
                    </TextEquiv>
                </Word>
                <Word id="r_10_tl_19_w2" custom="readingOrder {index:1;}">
                    <Coords points="347,1249 347,1309 377,1309 377,1249"/>
                    <TextEquiv>
                        <Unicode>er</Unicode>
                    </TextEquiv>
                </Word>
                <Word id="r_10_tl_19_w3" custom="readingOrder {index:2;}">
                    <Coords points="394,1247 394,1307 491,1307 491,1247"/>
                    <TextEquiv>
                        <Unicode>wegen</Unicode>
                    </TextEquiv>
                </Word>
                <Word id="r_10_tl_19_w4" custom="readingOrder {index:3;}">
                    <Coords points="523,1246 523,1306 626,1306 626,1246"/>
                    <TextEquiv>
                        <Unicode>deiner</Unicode>
                    </TextEquiv>
                </Word>
                <Word id="r_10_tl_19_w5" custom="readingOrder {index:4;}">
                    <Coords points="642,1246 642,1306 869,1306 869,1246"/>
                    <TextEquiv>
                        <Unicode>Traurigkeit,</Unicode>
                    </TextEquiv>
                </Word>
                <Word id="r_10_tl_19_w6" custom="readingOrder {index:5;}">
                    <Coords points="885,1245 885,1305 931,1305 931,1245"/>
                    <TextEquiv>
                        <Unicode>den</Unicode>
                    </TextEquiv>
                </Word>
                <Word id="r_10_tl_19_w7" custom="readingOrder {index:6;}">
                    <Coords points="957,1243 957,1303 1060,1303 1060,1243"/>
                    <TextEquiv>
                        <Unicode>Vater</Unicode>
                    </TextEquiv>
                </Word>
                <Word id="r_10_tl_19_w8" custom="readingOrder {index:7;}">
                    <Coords points="1076,1243 1076,1303 1122,1303 1122,1243"/>
                    <TextEquiv>
                        <Unicode>der</Unicode>
                    </TextEquiv>
                </Word>
                <Word id="r_10_tl_19_w9" custom="readingOrder {index:8;}">
                    <Coords points="1144,1241 1144,1301 1262,1301 1262,1241"/>
                    <TextEquiv>
                        <Unicode>Nacht.</Unicode>
                    </TextEquiv>
                </Word>
                <TextEquiv>
                    <Unicode>sagte er wegen deiner Traurigkeit, den Vater der Nacht.</Unicode>
                </TextEquiv>
            </TextLine>
            <TextLine id="r_10_tl_20" custom="readingOrder {index:19;}">
                <Coords points="254,1342 1271,1344 1271,1286 254,1304"/>
                <Baseline points="262,1337 289,1337 334,1337 379,1337 423,1337 468,1337 513,1337 558,1337 603,1337 647,1337 692,1334 737,1334 782,1334 826,1334 871,1334 916,1337 961,1337 1006,1334 1050,1331 1095,1331 1140,1334 1185,1331 1230,1331 1274,1331"/>
                <Word id="r_10_tl_20_w1" custom="readingOrder {index:0;}">
                    <Coords points="254,1297 254,1357 292,1357 292,1297"/>
                    <TextEquiv>
                        <Unicode>Er</Unicode>
                    </TextEquiv>
                </Word>
                <Word id="r_10_tl_20_w2" custom="readingOrder {index:1;}">
                    <Coords points="320,1297 320,1357 477,1357 477,1297"/>
                    <TextEquiv>
                        <Unicode>wünschte</Unicode>
                    </TextEquiv>
                </Word>
                <Word id="r_10_tl_20_w3" custom="readingOrder {index:2;}">
                    <Coords points="500,1297 500,1357 548,1357 548,1297"/>
                    <TextEquiv>
                        <Unicode>den</Unicode>
                    </TextEquiv>
                </Word>
                <Word id="r_10_tl_20_w4" custom="readingOrder {index:3;}">
                    <Coords points="576,1295 576,1355 750,1355 750,1295"/>
                    <TextEquiv>
                        <Unicode>Prinzen,</Unicode>
                    </TextEquiv>
                </Word>
                <Word id="r_10_tl_20_w5" custom="readingOrder {index:4;}">
                    <Coords points="773,1294 773,1354 821,1354 821,1294"/>
                    <TextEquiv>
                        <Unicode>wo</Unicode>
                    </TextEquiv>
                </Word>
                <Word id="r_10_tl_20_w6" custom="readingOrder {index:5;}">
                    <Coords points="849,1296 849,1356 979,1356 979,1296"/>
                    <TextEquiv>
                        <Unicode>möglich</Unicode>
                    </TextEquiv>
                </Word>
                <Word id="r_10_tl_20_w7" custom="readingOrder {index:6;}">
                    <Coords points="1007,1292 1007,1352 1061,1352 1061,1292"/>
                    <TextEquiv>
                        <Unicode>von</Unicode>
                    </TextEquiv>
                </Word>
                <Word id="r_10_tl_20_w8" custom="readingOrder {index:7;}">
                    <Coords points="1089,1292 1089,1352 1143,1352 1143,1292"/>
                    <TextEquiv>
                        <Unicode>der</Unicode>
                    </TextEquiv>
                </Word>
                <Word id="r_10_tl_20_w9" custom="readingOrder {index:8;}">
                    <Coords points="1171,1291 1171,1351 1263,1351 1263,1291"/>
                    <TextEquiv>
                        <Unicode>Tiefe</Unicode>
                    </TextEquiv>
                </Word>
                <TextEquiv>
                    <Unicode>Er wünschte den Prinzen, wo möglich von der Tiefe</Unicode>
                </TextEquiv>
            </TextLine>
            <TextLine id="r_10_tl_21" custom="readingOrder {index:20;}">
                <Coords points="243,1393 1264,1396 1264,1348 1153,1340 243,1365"/>
                <Baseline points="250,1391 283,1388 328,1388 373,1385 417,1388 462,1388 507,1388 552,1388 597,1388 641,1388 686,1385 731,1388 776,1385 821,1385 865,1388 910,1385 955,1385 1000,1388 1044,1385 1089,1385 1134,1385 1179,1385 1224,1382 1268,1379"/>
                <Word id="r_10_tl_21_w1" custom="readingOrder {index:0;}">
                    <Coords points="243,1349 243,1409 296,1409 296,1349"/>
                    <TextEquiv>
                        <Unicode>der</Unicode>
                    </TextEquiv>
                </Word>
                <Word id="r_10_tl_21_w2" custom="readingOrder {index:1;}">
                    <Coords points="318,1348 318,1408 552,1408 552,1348"/>
                    <TextEquiv>
                        <Unicode>Schwermuth</Unicode>
                    </TextEquiv>
                </Word>
                <Word id="r_10_tl_21_w3" custom="readingOrder {index:2;}">
                    <Coords points="585,1348 585,1408 643,1408 643,1348"/>
                    <TextEquiv>
                        <Unicode>und</Unicode>
                    </TextEquiv>
                </Word>
                <Word id="r_10_tl_21_w4" custom="readingOrder {index:3;}">
                    <Coords points="670,1345 670,1405 722,1405 722,1345"/>
                    <TextEquiv>
                        <Unicode>vom</Unicode>
                    </TextEquiv>
                </Word>
                <Word id="r_10_tl_21_w5" custom="readingOrder {index:4;}">
                    <Coords points="766,1347 766,1407 947,1407 947,1347"/>
                    <TextEquiv>
                        <Unicode>Abgrunde</Unicode>
                    </TextEquiv>
                </Word>
                <Word id="r_10_tl_21_w6" custom="readingOrder {index:5;}">
                    <Coords points="979,1347 979,1407 1033,1407 1033,1347"/>
                    <TextEquiv>
                        <Unicode>der</Unicode>
                    </TextEquiv>
                </Word>
                <Word id="r_10_tl_21_w7" custom="readingOrder {index:6;}">
                    <Coords points="1055,1345 1055,1405 1139,1405 1139,1345"/>
                    <TextEquiv>
                        <Unicode>Lüste</Unicode>
                    </TextEquiv>
                </Word>
                <Word id="r_10_tl_21_w8" custom="readingOrder {index:7;}">
                    <Coords points="1172,1342 1172,1402 1267,1402 1267,1342"/>
                    <TextEquiv>
                        <Unicode>abzu¬</Unicode>
                    </TextEquiv>
                </Word>
                <TextEquiv>
                    <Unicode>der Schwermuth und vom Abgrunde der Lüste abzu¬</Unicode>
                </TextEquiv>
            </TextLine>
            <TextLine id="r_10_tl_22" custom="readingOrder {index:21;}">
                <Coords points="249,1449 1270,1444 1248,1399 1059,1389 249,1410"/>
                <Baseline points="256,1436 286,1436 331,1439 376,1439 420,1436 465,1436 510,1439 555,1439 600,1436 644,1436 689,1436 734,1436 779,1436 824,1439 868,1436 913,1436 958,1436 1003,1436 1047,1436 1092,1436 1137,1436 1182,1436 1227,1436 1271,1433"/>
                <Word id="r_10_tl_22_w1" custom="readingOrder {index:0;}">
                    <Coords points="249,1399 249,1459 424,1459 424,1399"/>
                    <TextEquiv>
                        <Unicode>schrecken.</Unicode>
                    </TextEquiv>
                </Word>
                <Word id="r_10_tl_22_w2" custom="readingOrder {index:1;}">
                    <Coords points="460,1399 460,1459 561,1459 561,1399"/>
                    <TextEquiv>
                        <Unicode>Allein</Unicode>
                    </TextEquiv>
                </Word>
                <Word id="r_10_tl_22_w3" custom="readingOrder {index:2;}">
                    <Coords points="592,1396 592,1456 622,1456 622,1396"/>
                    <TextEquiv>
                        <Unicode>er</Unicode>
                    </TextEquiv>
                </Word>
                <Word id="r_10_tl_22_w4" custom="readingOrder {index:3;}">
                    <Coords points="647,1396 647,1456 824,1456 824,1396"/>
                    <TextEquiv>
                        <Unicode>vermochte</Unicode>
                    </TextEquiv>
                </Word>
                <Word id="r_10_tl_22_w5" custom="readingOrder {index:4;}">
                    <Coords points="845,1396 845,1456 874,1456 874,1396"/>
                    <TextEquiv>
                        <Unicode>es</Unicode>
                    </TextEquiv>
                </Word>
                <Word id="r_10_tl_22_w6" custom="readingOrder {index:5;}">
                    <Coords points="900,1396 900,1456 1005,1456 1005,1396"/>
                    <TextEquiv>
                        <Unicode>nicht;</Unicode>
                    </TextEquiv>
                </Word>
                <Word id="r_10_tl_22_w7" custom="readingOrder {index:6;}">
                    <Coords points="1037,1396 1037,1456 1077,1456 1077,1396"/>
                    <TextEquiv>
                        <Unicode>ein</Unicode>
                    </TextEquiv>
                </Word>
                <Word id="r_10_tl_22_w8" custom="readingOrder {index:7;}">
                    <Coords points="1107,1396 1107,1456 1263,1456 1263,1396"/>
                    <TextEquiv>
                        <Unicode>frommer</Unicode>
                    </TextEquiv>
                </Word>
                <TextEquiv>
                    <Unicode>schrecken. Allein er vermochte es nicht; ein frommer</Unicode>
                </TextEquiv>
            </TextLine>
            <TextLine id="r_10_tl_23" custom="readingOrder {index:22;}">
                <Coords points="252,1494 1262,1493 1228,1439 252,1453"/>
                <Baseline points="259,1483 304,1483 349,1486 394,1486 438,1486 483,1486 528,1486 573,1483 618,1486 662,1486 707,1486 752,1486 797,1486 841,1486 886,1486 931,1486 976,1486 1021,1486 1065,1483 1110,1483 1155,1483 1200,1483 1244,1483 1265,1483"/>
                <Word id="r_10_tl_23_w1" custom="readingOrder {index:0;}">
                    <Coords points="258,1445 258,1505 430,1505 430,1445"/>
                    <TextEquiv>
                        <Unicode>Einsiedler</Unicode>
                    </TextEquiv>
                </Word>
                <Word id="r_10_tl_23_w2" custom="readingOrder {index:1;}">
                    <Coords points="453,1446 453,1506 555,1506 555,1446"/>
                    <TextEquiv>
                        <Unicode>entriß</Unicode>
                    </TextEquiv>
                </Word>
                <Word id="r_10_tl_23_w3" custom="readingOrder {index:2;}">
                    <Coords points="583,1445 583,1505 631,1505 631,1445"/>
                    <TextEquiv>
                        <Unicode>ihn</Unicode>
                    </TextEquiv>
                </Word>
                <Word id="r_10_tl_23_w4" custom="readingOrder {index:3;}">
                    <Coords points="670,1446 670,1506 728,1506 728,1446"/>
                    <TextEquiv>
                        <Unicode>mit</Unicode>
                    </TextEquiv>
                </Word>
                <Word id="r_10_tl_23_w5" custom="readingOrder {index:4;}">
                    <Coords points="756,1446 756,1506 891,1506 891,1446"/>
                    <TextEquiv>
                        <Unicode>heiliger</Unicode>
                    </TextEquiv>
                </Word>
                <Word id="r_10_tl_23_w6" custom="readingOrder {index:5;}">
                    <Coords points="914,1446 914,1506 1048,1506 1048,1446"/>
                    <TextEquiv>
                        <Unicode>Gewalt</Unicode>
                    </TextEquiv>
                </Word>
                <Word id="r_10_tl_23_w7" custom="readingOrder {index:6;}">
                    <Coords points="1076,1443 1076,1503 1130,1503 1130,1443"/>
                    <TextEquiv>
                        <Unicode>dem</Unicode>
                    </TextEquiv>
                </Word>
                <Word id="r_10_tl_23_w8" custom="readingOrder {index:7;}">
                    <Coords points="1168,1443 1168,1503 1265,1503 1265,1443"/>
                    <TextEquiv>
                        <Unicode>Laby¬</Unicode>
                    </TextEquiv>
                </Word>
                <TextEquiv>
                    <Unicode>Einsiedler entriß ihn mit heiliger Gewalt dem Laby¬</Unicode>
                </TextEquiv>
            </TextLine>
            <TextLine id="r_10_tl_24" custom="readingOrder {index:23;}">
                <Coords points="249,1552 1264,1541 1264,1498 1201,1492 249,1502"/>
                <Baseline points="256,1534 283,1534 328,1534 373,1534 417,1534 462,1534 507,1534 552,1534 597,1534 641,1534 686,1534 731,1534 776,1534 821,1534 865,1534 910,1537 955,1534 1000,1534 1044,1531 1089,1531 1134,1534 1179,1531 1224,1531 1268,1531"/>
                <Word id="r_10_tl_24_w1" custom="readingOrder {index:0;}">
                    <Coords points="250,1494 250,1554 360,1554 360,1494"/>
                    <TextEquiv>
                        <Unicode>rinthe</Unicode>
                    </TextEquiv>
                </Word>
                <Word id="r_10_tl_24_w2" custom="readingOrder {index:1;}">
                    <Coords points="388,1494 388,1554 443,1554 443,1494"/>
                    <TextEquiv>
                        <Unicode>der</Unicode>
                    </TextEquiv>
                </Word>
                <Word id="r_10_tl_24_w3" custom="readingOrder {index:2;}">
                    <Coords points="477,1494 477,1554 738,1554 738,1494"/>
                    <TextEquiv>
                        <Unicode>Melancholey,</Unicode>
                    </TextEquiv>
                </Word>
                <Word id="r_10_tl_24_w4" custom="readingOrder {index:3;}">
                    <Coords points="767,1494 767,1554 827,1554 827,1494"/>
                    <TextEquiv>
                        <Unicode>und</Unicode>
                    </TextEquiv>
                </Word>
                <Word id="r_10_tl_24_w5" custom="readingOrder {index:4;}">
                    <Coords points="861,1496 861,1556 988,1556 988,1496"/>
                    <TextEquiv>
                        <Unicode>brachte</Unicode>
                    </TextEquiv>
                </Word>
                <Word id="r_10_tl_24_w6" custom="readingOrder {index:5;}">
                    <Coords points="1018,1491 1018,1551 1067,1551 1067,1491"/>
                    <TextEquiv>
                        <Unicode>ihn</Unicode>
                    </TextEquiv>
                </Word>
                <Word id="r_10_tl_24_w7" custom="readingOrder {index:6;}">
                    <Coords points="1101,1492 1101,1552 1133,1552 1133,1492"/>
                    <TextEquiv>
                        <Unicode>zu</Unicode>
                    </TextEquiv>
                </Word>
                <Word id="r_10_tl_24_w8" custom="readingOrder {index:7;}">
                    <Coords points="1162,1491 1162,1551 1261,1551 1261,1491"/>
                    <TextEquiv>
                        <Unicode>GOtt</Unicode>
                    </TextEquiv>
                </Word>
                <TextEquiv>
                    <Unicode>rinthe der Melancholey, und brachte ihn zu GOtt</Unicode>
                </TextEquiv>
            </TextLine>
            <TextLine id="r_10_tl_25" custom="readingOrder {index:24;}">
                <Coords points="249,1593 1264,1600 1264,1541 249,1551"/>
                <Baseline points="256,1582 301,1585 346,1582 391,1582 435,1582 480,1582 525,1582 570,1582 615,1582 659,1582 704,1585 749,1585 794,1585 838,1585 883,1582 928,1585 973,1585 1018,1585 1062,1585 1107,1582 1152,1585 1197,1582 1241,1582 1268,1585"/>
                <Word id="r_10_tl_25_w1" custom="readingOrder {index:0;}">
                    <Coords points="254,1543 254,1603 312,1603 312,1543"/>
                    <TextEquiv>
                        <Unicode>und</Unicode>
                    </TextEquiv>
                </Word>
                <Word id="r_10_tl_25_w2" custom="readingOrder {index:1;}">
                    <Coords points="344,1542 344,1602 445,1602 445,1542"/>
                    <TextEquiv>
                        <Unicode>seiner</Unicode>
                    </TextEquiv>
                </Word>
                <Word id="r_10_tl_25_w3" custom="readingOrder {index:2;}">
                    <Coords points="477,1542 477,1602 710,1602 710,1542"/>
                    <TextEquiv>
                        <Unicode>Bestimmung</Unicode>
                    </TextEquiv>
                </Word>
                <Word id="r_10_tl_25_w4" custom="readingOrder {index:3;}">
                    <Coords points="742,1545 742,1605 880,1605 880,1545"/>
                    <TextEquiv>
                        <Unicode>zurück,</Unicode>
                    </TextEquiv>
                </Word>
                <Word id="r_10_tl_25_w5" custom="readingOrder {index:4;}">
                    <Coords points="912,1545 912,1605 965,1605 965,1545"/>
                    <TextEquiv>
                        <Unicode>ehe</Unicode>
                    </TextEquiv>
                </Word>
                <Word id="r_10_tl_25_w6" custom="readingOrder {index:5;}">
                    <Coords points="997,1545 997,1605 1028,1605 1028,1545"/>
                    <TextEquiv>
                        <Unicode>er</Unicode>
                    </TextEquiv>
                </Word>
                <Word id="r_10_tl_25_w7" custom="readingOrder {index:6;}">
                    <Coords points="1055,1542 1055,1602 1156,1602 1156,1542"/>
                    <TextEquiv>
                        <Unicode>starb.</Unicode>
                    </TextEquiv>
                </Word>
                <Word id="r_10_tl_25_w8" custom="readingOrder {index:7;}">
                    <Coords points="1204,1542 1204,1602 1256,1602 1256,1542"/>
                    <TextEquiv>
                        <Unicode>Ob</Unicode>
                    </TextEquiv>
                </Word>
                <TextEquiv>
                    <Unicode>und seiner Bestimmung zurück, ehe er starb. Ob</Unicode>
                </TextEquiv>
            </TextLine>
            <TextLine id="r_10_tl_26" custom="readingOrder {index:25;}">
                <Coords points="249,1660 1263,1646 1263,1600 1178,1586 249,1597"/>
                <Baseline points="256,1633 301,1636 346,1633 391,1633 435,1630 480,1630 525,1633 570,1633 615,1633 659,1633 704,1633 749,1633 794,1633 838,1633 883,1633 928,1633 973,1630 1018,1633 1062,1633 1107,1633 1152,1633 1197,1633 1241,1633 1265,1633"/>
                <Word id="r_10_tl_26_w1" custom="readingOrder {index:0;}">
                    <Coords points="255,1595 255,1655 351,1655 351,1595"/>
                    <TextEquiv>
                        <Unicode>dieses</Unicode>
                    </TextEquiv>
                </Word>
                <Word id="r_10_tl_26_w2" custom="readingOrder {index:1;}">
                    <Coords points="379,1591 379,1651 433,1651 433,1591"/>
                    <TextEquiv>
                        <Unicode>auf</Unicode>
                    </TextEquiv>
                </Word>
                <Word id="r_10_tl_26_w3" custom="readingOrder {index:2;}">
                    <Coords points="449,1593 449,1653 703,1653 703,1593"/>
                    <TextEquiv>
                        <Unicode>Veranstaltung</Unicode>
                    </TextEquiv>
                </Word>
                <Word id="r_10_tl_26_w4" custom="readingOrder {index:3;}">
                    <Coords points="731,1593 731,1653 779,1653 779,1593"/>
                    <TextEquiv>
                        <Unicode>des</Unicode>
                    </TextEquiv>
                </Word>
                <Word id="r_10_tl_26_w5" custom="readingOrder {index:4;}">
                    <Coords points="807,1593 807,1653 914,1653 914,1593"/>
                    <TextEquiv>
                        <Unicode>weisen</Unicode>
                    </TextEquiv>
                </Word>
                <Word id="r_10_tl_26_w6" custom="readingOrder {index:5;}">
                    <Coords points="942,1591 942,1651 1055,1651 1055,1591"/>
                    <TextEquiv>
                        <Unicode>Vezirs</Unicode>
                    </TextEquiv>
                </Word>
                <Word id="r_10_tl_26_w7" custom="readingOrder {index:6;}">
                    <Coords points="1082,1593 1082,1653 1266,1653 1266,1593"/>
                    <TextEquiv>
                        <Unicode>geschehen,</Unicode>
                    </TextEquiv>
                </Word>
                <TextEquiv>
                    <Unicode>dieses auf Veranstaltung des weisen Vezirs geschehen,</Unicode>
                </TextEquiv>
            </TextLine>
            <TextLine id="r_10_tl_27" custom="readingOrder {index:26;}">
                <Coords points="252,1691 1262,1704 1231,1638 252,1658"/>
                <Baseline points="259,1683 280,1683 325,1680 370,1680 414,1680 459,1680 504,1680 549,1680 594,1683 638,1680 683,1683 728,1680 773,1683 818,1683 862,1680 907,1680 952,1683 997,1683 1041,1683 1086,1680 1131,1680 1176,1683 1221,1683 1265,1677"/>
                <Word id="r_10_tl_27_w1" custom="readingOrder {index:0;}">
                    <Coords points="252,1642 252,1702 325,1702 325,1642"/>
                    <TextEquiv>
                        <Unicode>oder</Unicode>
                    </TextEquiv>
                </Word>
                <Word id="r_10_tl_27_w2" custom="readingOrder {index:1;}">
                    <Coords points="347,1640 347,1700 378,1700 378,1640"/>
                    <TextEquiv>
                        <Unicode>ob</Unicode>
                    </TextEquiv>
                </Word>
                <Word id="r_10_tl_27_w3" custom="readingOrder {index:2;}">
                    <Coords points="405,1640 405,1700 671,1700 671,1640"/>
                    <TextEquiv>
                        <Unicode>Offenbarungen</Unicode>
                    </TextEquiv>
                </Word>
                <Word id="r_10_tl_27_w4" custom="readingOrder {index:3;}">
                    <Coords points="703,1643 703,1703 851,1703 851,1643"/>
                    <TextEquiv>
                        <Unicode>gesendet</Unicode>
                    </TextEquiv>
                </Word>
                <Word id="r_10_tl_27_w5" custom="readingOrder {index:4;}">
                    <Coords points="868,1642 868,1702 1021,1702 1021,1642"/>
                    <TextEquiv>
                        <Unicode>worden,</Unicode>
                    </TextEquiv>
                </Word>
                <Word id="r_10_tl_27_w6" custom="readingOrder {index:5;}">
                    <Coords points="1043,1640 1043,1700 1186,1700 1186,1640"/>
                    <TextEquiv>
                        <Unicode>erzählen</Unicode>
                    </TextEquiv>
                </Word>
                <Word id="r_10_tl_27_w7" custom="readingOrder {index:6;}">
                    <Coords points="1218,1640 1218,1700 1265,1700 1265,1640"/>
                    <TextEquiv>
                        <Unicode>die</Unicode>
                    </TextEquiv>
                </Word>
                <TextEquiv>
                    <Unicode>oder ob Offenbarungen gesendet worden, erzählen die</Unicode>
                </TextEquiv>
            </TextLine>
            <TextLine id="r_10_tl_28" custom="readingOrder {index:27;}">
                <Coords points="252,1751 305,1767 391,1741 416,1749 468,1740 524,1758 569,1740 569,1709 524,1692 465,1703 346,1686 311,1704 252,1692"/>
                <Baseline points="259,1731 304,1728 349,1728 394,1728 438,1728 483,1728 528,1728 573,1731"/>
                <Word id="r_10_tl_28_w1" custom="readingOrder {index:0;}">
                    <Coords points="258,1688 258,1748 443,1748 443,1688"/>
                    <TextEquiv>
                        <Unicode>Geschichte</Unicode>
                    </TextEquiv>
                </Word>
                <Word id="r_10_tl_28_w2" custom="readingOrder {index:1;}">
                    <Coords points="466,1688 466,1748 566,1748 566,1688"/>
                    <TextEquiv>
                        <Unicode>nicht.</Unicode>
                    </TextEquiv>
                </Word>
                <TextEquiv>
                    <Unicode>Geschichte nicht.</Unicode>
                </TextEquiv>
            </TextLine>
            <TextLine id="r_10_tl_29" custom="readingOrder {index:28;}">
                <Coords points="303,1805 1268,1800 1268,1744 303,1762"/>
                <Baseline points="310,1788 355,1791 400,1791 444,1791 489,1791 534,1791 579,1791 623,1791 668,1791 713,1791 758,1791 803,1791 847,1791 892,1791 937,1791 982,1791 1027,1791 1071,1791 1116,1791 1161,1791 1206,1791 1250,1791 1271,1791"/>
                <Word id="r_10_tl_29_w1" custom="readingOrder {index:0;}">
                    <Coords points="308,1749 308,1809 354,1809 354,1749"/>
                    <TextEquiv>
                        <Unicode>Es</Unicode>
                    </TextEquiv>
                </Word>
                <Word id="r_10_tl_29_w2" custom="readingOrder {index:1;}">
                    <Coords points="380,1751 380,1811 508,1811 508,1751"/>
                    <TextEquiv>
                        <Unicode>breitete</Unicode>
                    </TextEquiv>
                </Word>
                <Word id="r_10_tl_29_w3" custom="readingOrder {index:2;}">
                    <Coords points="535,1751 535,1811 580,1811 580,1751"/>
                    <TextEquiv>
                        <Unicode>sich</Unicode>
                    </TextEquiv>
                </Word>
                <Word id="r_10_tl_29_w4" custom="readingOrder {index:3;}">
                    <Coords points="607,1751 607,1811 678,1811 678,1751"/>
                    <TextEquiv>
                        <Unicode>bald</Unicode>
                    </TextEquiv>
                </Word>
                <Word id="r_10_tl_29_w5" custom="readingOrder {index:4;}">
                    <Coords points="710,1751 710,1811 756,1811 756,1751"/>
                    <TextEquiv>
                        <Unicode>ein</Unicode>
                    </TextEquiv>
                </Word>
                <Word id="r_10_tl_29_w6" custom="readingOrder {index:5;}">
                    <Coords points="782,1751 782,1811 931,1811 931,1751"/>
                    <TextEquiv>
                        <Unicode>Gerücht</Unicode>
                    </TextEquiv>
                </Word>
                <Word id="r_10_tl_29_w7" custom="readingOrder {index:6;}">
                    <Coords points="958,1751 958,1811 1039,1811 1039,1751"/>
                    <TextEquiv>
                        <Unicode>aus,</Unicode>
                    </TextEquiv>
                </Word>
                <Word id="r_10_tl_29_w8" custom="readingOrder {index:7;}">
                    <Coords points="1065,1751 1065,1811 1122,1811 1122,1751"/>
                    <TextEquiv>
                        <Unicode>daß</Unicode>
                    </TextEquiv>
                </Word>
                <Word id="r_10_tl_29_w9" custom="readingOrder {index:8;}">
                    <Coords points="1159,1751 1159,1811 1184,1811 1184,1751"/>
                    <TextEquiv>
                        <Unicode>in</Unicode>
                    </TextEquiv>
                </Word>
                <Word id="r_10_tl_29_w10" custom="readingOrder {index:9;}">
                    <Coords points="1215,1751 1215,1811 1261,1811 1261,1751"/>
                    <TextEquiv>
                        <Unicode>der</Unicode>
                    </TextEquiv>
                </Word>
                <TextEquiv>
                    <Unicode>Es breitete sich bald ein Gerücht aus, daß in der</Unicode>
                </TextEquiv>
            </TextLine>
            <TextLine id="r_10_tl_30" custom="readingOrder {index:29;}">
                <Coords points="258,1856 1268,1854 1268,1808 1221,1798 258,1803"/>
                <Baseline points="265,1845 286,1842 331,1842 376,1842 420,1839 465,1839 510,1839 555,1839 600,1839 644,1839 689,1836 734,1836 779,1836 824,1836 868,1836 913,1836 958,1836 1003,1836 1047,1836 1092,1836 1137,1836 1182,1836 1227,1836 1271,1839"/>
                <Word id="r_10_tl_30_w1" custom="readingOrder {index:0;}">
                    <Coords points="258,1802 258,1862 393,1862 393,1802"/>
                    <TextEquiv>
                        <Unicode>Gegend</Unicode>
                    </TextEquiv>
                </Word>
                <Word id="r_10_tl_30_w2" custom="readingOrder {index:1;}">
                    <Coords points="424,1799 424,1859 479,1859 479,1799"/>
                    <TextEquiv>
                        <Unicode>des</Unicode>
                    </TextEquiv>
                </Word>
                <Word id="r_10_tl_30_w3" custom="readingOrder {index:2;}">
                    <Coords points="510,1799 510,1859 696,1859 696,1799"/>
                    <TextEquiv>
                        <Unicode>Jordans,</Unicode>
                    </TextEquiv>
                </Word>
                <Word id="r_10_tl_30_w4" custom="readingOrder {index:3;}">
                    <Coords points="722,1796 722,1856 762,1856 762,1796"/>
                    <TextEquiv>
                        <Unicode>ein</Unicode>
                    </TextEquiv>
                </Word>
                <Word id="r_10_tl_30_w5" custom="readingOrder {index:4;}">
                    <Coords points="803,1796 803,1856 959,1856 959,1796"/>
                    <TextEquiv>
                        <Unicode>frommer</Unicode>
                    </TextEquiv>
                </Word>
                <Word id="r_10_tl_30_w6" custom="readingOrder {index:5;}">
                    <Coords points="984,1796 984,1856 1165,1856 1165,1796"/>
                    <TextEquiv>
                        <Unicode>Einsiedler</Unicode>
                    </TextEquiv>
                </Word>
                <Word id="r_10_tl_30_w7" custom="readingOrder {index:6;}">
                    <Coords points="1196,1796 1196,1856 1261,1856 1261,1796"/>
                    <TextEquiv>
                        <Unicode>eine</Unicode>
                    </TextEquiv>
                </Word>
                <TextEquiv>
                    <Unicode>Gegend des Jordans, ein frommer Einsiedler eine</Unicode>
                </TextEquiv>
            </TextLine>
            <TextLine id="r_10_tl_31" custom="readingOrder {index:30;}">
                <Coords points="254,1902 1262,1907 1263,1856 1183,1843 256,1867"/>
                <Baseline points="262,1892 280,1892 325,1892 370,1892 414,1892 459,1889 504,1892 549,1889 594,1889 638,1889 683,1886 728,1886 773,1886 818,1886 862,1889 907,1886 952,1886 997,1886 1041,1889 1086,1889 1131,1886 1176,1886 1221,1889 1265,1889"/>
                <Word id="r_10_tl_31_w1" custom="readingOrder {index:0;}">
                    <Coords points="260,1852 260,1912 344,1912 344,1852"/>
                    <TextEquiv>
                        <Unicode>Höle</Unicode>
                    </TextEquiv>
                </Word>
                <Word id="r_10_tl_31_w2" custom="readingOrder {index:1;}">
                    <Coords points="368,1849 368,1909 548,1909 548,1849"/>
                    <TextEquiv>
                        <Unicode>bewohne,</Unicode>
                    </TextEquiv>
                </Word>
                <Word id="r_10_tl_31_w3" custom="readingOrder {index:2;}">
                    <Coords points="577,1849 577,1909 632,1909 632,1849"/>
                    <TextEquiv>
                        <Unicode>der</Unicode>
                    </TextEquiv>
                </Word>
                <Word id="r_10_tl_31_w4" custom="readingOrder {index:3;}">
                    <Coords points="661,1846 661,1906 745,1906 745,1846"/>
                    <TextEquiv>
                        <Unicode>einer</Unicode>
                    </TextEquiv>
                </Word>
                <Word id="r_10_tl_31_w5" custom="readingOrder {index:4;}">
                    <Coords points="775,1847 775,1907 994,1907 994,1847"/>
                    <TextEquiv>
                        <Unicode>Offenbarung</Unicode>
                    </TextEquiv>
                </Word>
                <Word id="r_10_tl_31_w6" custom="readingOrder {index:5;}">
                    <Coords points="1029,1849 1029,1909 1057,1909 1057,1849"/>
                    <TextEquiv>
                        <Unicode>in</Unicode>
                    </TextEquiv>
                </Word>
                <Word id="r_10_tl_31_w7" custom="readingOrder {index:6;}">
                    <Coords points="1085,1846 1085,1906 1254,1906 1254,1846"/>
                    <TextEquiv>
                        <Unicode>Ansehung</Unicode>
                    </TextEquiv>
                </Word>
                <TextEquiv>
                    <Unicode>Höle bewohne, der einer Offenbarung in Ansehung</Unicode>
                </TextEquiv>
            </TextLine>
            <TextLine id="r_10_tl_32" custom="readingOrder {index:31;}">
                <Coords points="254,1949 1255,1956 1227,1902 254,1902"/>
                <Baseline points="262,1940 307,1943 352,1943 397,1943 441,1943 486,1943 531,1943 576,1940 620,1940 665,1940 710,1940 755,1940 800,1940 844,1940 889,1940 934,1943 979,1943 1024,1943 1068,1940 1113,1943 1158,1940 1203,1943 1247,1943 1259,1943"/>
                <Word id="r_10_tl_32_w1" custom="readingOrder {index:0;}">
                    <Coords points="255,1901 255,1961 311,1961 311,1901"/>
                    <TextEquiv>
                        <Unicode>des</Unicode>
                    </TextEquiv>
                </Word>
                <Word id="r_10_tl_32_w2" custom="readingOrder {index:1;}">
                    <Coords points="340,1903 340,1963 470,1963 470,1903"/>
                    <TextEquiv>
                        <Unicode>Yezid</Unicode>
                    </TextEquiv>
                </Word>
                <Word id="r_10_tl_32_w3" custom="readingOrder {index:2;}">
                    <Coords points="499,1900 499,1960 691,1960 691,1900"/>
                    <TextEquiv>
                        <Unicode>gewürdigt</Unicode>
                    </TextEquiv>
                </Word>
                <Word id="r_10_tl_32_w4" custom="readingOrder {index:3;}">
                    <Coords points="714,1900 714,1960 838,1960 838,1900"/>
                    <TextEquiv>
                        <Unicode>worden</Unicode>
                    </TextEquiv>
                </Word>
                <Word id="r_10_tl_32_w5" custom="readingOrder {index:4;}">
                    <Coords points="873,1901 873,1961 940,1961 940,1901"/>
                    <TextEquiv>
                        <Unicode>sey.</Unicode>
                    </TextEquiv>
                </Word>
                <Word id="r_10_tl_32_w6" custom="readingOrder {index:5;}">
                    <Coords points="1003,1900 1003,1960 1138,1960 1138,1900"/>
                    <TextEquiv>
                        <Unicode>Yezid</Unicode>
                    </TextEquiv>
                </Word>
                <Word id="r_10_tl_32_w7" custom="readingOrder {index:6;}">
                    <Coords points="1173,1903 1173,1963 1240,1963 1240,1903"/>
                    <TextEquiv>
                        <Unicode>hatt</Unicode>
                    </TextEquiv>
                </Word>
                <TextEquiv>
                    <Unicode>des Yezid gewürdigt worden sey. Yezid hatt</Unicode>
                </TextEquiv>
            </TextLine>
            <TextLine id="r_10_tl_33" custom="readingOrder {index:32;}">
                <Coords points="263,2012 1264,2016 1263,1956 1153,1940 263,1958"/>
                <Baseline points="271,1997 283,1997 328,1994 373,1994 417,1994 462,1994 507,1994 552,1994 597,1991 641,1994 686,1991 731,1994 776,1991 821,1991 865,1991 910,1991 955,1994 1000,1991 1044,1991 1089,1991 1134,1991 1179,1994 1224,1994 1268,1994"/>
                <Word id="r_10_tl_33_w1" custom="readingOrder {index:0;}">
                    <Coords points="258,1955 258,2015 340,2015 340,1955"/>
                    <TextEquiv>
                        <Unicode>schon</Unicode>
                    </TextEquiv>
                </Word>
                <Word id="r_10_tl_33_w2" custom="readingOrder {index:1;}">
                    <Coords points="369,1954 369,2014 423,2014 423,1954"/>
                    <TextEquiv>
                        <Unicode>von</Unicode>
                    </TextEquiv>
                </Word>
                <Word id="r_10_tl_33_w3" custom="readingOrder {index:2;}">
                    <Coords points="457,1954 457,2014 551,2014 551,1954"/>
                    <TextEquiv>
                        <Unicode>diesem</Unicode>
                    </TextEquiv>
                </Word>
                <Word id="r_10_tl_33_w4" custom="readingOrder {index:3;}">
                    <Coords points="590,1951 590,2011 767,2011 767,1951"/>
                    <TextEquiv>
                        <Unicode>Einsiedler</Unicode>
                    </TextEquiv>
                </Word>
                <Word id="r_10_tl_33_w5" custom="readingOrder {index:4;}">
                    <Coords points="790,1951 790,2011 928,2011 928,1951"/>
                    <TextEquiv>
                        <Unicode>gehört,</Unicode>
                    </TextEquiv>
                </Word>
                <Word id="r_10_tl_33_w6" custom="readingOrder {index:5;}">
                    <Coords points="957,1951 957,2011 1028,2011 1028,1951"/>
                    <TextEquiv>
                        <Unicode>aber</Unicode>
                    </TextEquiv>
                </Word>
                <Word id="r_10_tl_33_w7" custom="readingOrder {index:6;}">
                    <Coords points="1051,1951 1051,2011 1134,2011 1134,1951"/>
                    <TextEquiv>
                        <Unicode>seine</Unicode>
                    </TextEquiv>
                </Word>
                <Word id="r_10_tl_33_w8" custom="readingOrder {index:7;}">
                    <Coords points="1157,1954 1157,2014 1267,2014 1267,1954"/>
                    <TextEquiv>
                        <Unicode>Nach¬</Unicode>
                    </TextEquiv>
                </Word>
                <TextEquiv>
                    <Unicode>schon von diesem Einsiedler gehört, aber seine Nach¬</Unicode>
                </TextEquiv>
            </TextLine>
            <TextLine id="r_10_tl_34" custom="readingOrder {index:33;}">
                <Coords points="249,2061 1259,2053 1259,2010 1204,1998 249,2002"/>
                <Baseline points="256,2045 277,2045 322,2045 367,2045 412,2045 456,2042 501,2042 546,2039 591,2042 635,2042 680,2045 725,2042 770,2042 815,2042 859,2042 904,2042 949,2042 994,2042 1038,2042 1083,2042 1128,2042 1173,2042 1218,2042 1262,2042"/>
                <Word id="r_10_tl_34_w1" custom="readingOrder {index:0;}">
                    <Coords points="255,2005 255,2065 407,2065 407,2005"/>
                    <TextEquiv>
                        <Unicode>läßigkeit</Unicode>
                    </TextEquiv>
                </Word>
                <Word id="r_10_tl_34_w2" custom="readingOrder {index:1;}">
                    <Coords points="429,2002 429,2062 488,2062 488,2002"/>
                    <TextEquiv>
                        <Unicode>und</Unicode>
                    </TextEquiv>
                </Word>
                <Word id="r_10_tl_34_w3" custom="readingOrder {index:2;}">
                    <Coords points="510,2003 510,2063 804,2063 804,2003"/>
                    <TextEquiv>
                        <Unicode>Gleichgültigkeit</Unicode>
                    </TextEquiv>
                </Word>
                <Word id="r_10_tl_34_w4" custom="readingOrder {index:3;}">
                    <Coords points="821,2002 821,2062 908,2062 908,2002"/>
                    <TextEquiv>
                        <Unicode>hatte</Unicode>
                    </TextEquiv>
                </Word>
                <Word id="r_10_tl_34_w5" custom="readingOrder {index:4;}">
                    <Coords points="930,2002 930,2062 979,2062 979,2002"/>
                    <TextEquiv>
                        <Unicode>ihm</Unicode>
                    </TextEquiv>
                </Word>
                <Word id="r_10_tl_34_w6" custom="readingOrder {index:5;}">
                    <Coords points="1023,2002 1023,2062 1104,2062 1104,2002"/>
                    <TextEquiv>
                        <Unicode>nicht</Unicode>
                    </TextEquiv>
                </Word>
                <Word id="r_10_tl_34_w7" custom="readingOrder {index:6;}">
                    <Coords points="1127,2002 1127,2062 1262,2062 1262,2002"/>
                    <TextEquiv>
                        <Unicode>erlaubt,</Unicode>
                    </TextEquiv>
                </Word>
                <TextEquiv>
                    <Unicode>läßigkeit und Gleichgültigkeit hatte ihm nicht erlaubt,</Unicode>
                </TextEquiv>
            </TextLine>
            <TextLine id="r_10_tl_35" custom="readingOrder {index:34;}">
                <Coords points="258,2096 1268,2097 1243,2047 258,2061"/>
                <Baseline points="265,2092 286,2092 331,2092 376,2092 420,2092 465,2089 510,2089 555,2089 600,2092 644,2089 689,2089 734,2089 779,2089 824,2089 868,2089 913,2086 958,2086 1003,2089 1047,2089 1092,2086 1137,2092 1182,2089 1227,2089 1271,2089"/>
                <Word id="r_10_tl_35_w1" custom="readingOrder {index:0;}">
                    <Coords points="253,2052 253,2112 372,2112 372,2052"/>
                    <TextEquiv>
                        <Unicode>darauf</Unicode>
                    </TextEquiv>
                </Word>
                <Word id="r_10_tl_35_w2" custom="readingOrder {index:1;}">
                    <Coords points="394,2049 394,2109 592,2109 592,2049"/>
                    <TextEquiv>
                        <Unicode>aufmerksam</Unicode>
                    </TextEquiv>
                </Word>
                <Word id="r_10_tl_35_w3" custom="readingOrder {index:2;}">
                    <Coords points="634,2049 634,2109 660,2109 660,2049"/>
                    <TextEquiv>
                        <Unicode>zu</Unicode>
                    </TextEquiv>
                </Word>
                <Word id="r_10_tl_35_w4" custom="readingOrder {index:3;}">
                    <Coords points="692,2049 692,2109 780,2109 780,2049"/>
                    <TextEquiv>
                        <Unicode>seyn.</Unicode>
                    </TextEquiv>
                </Word>
                <Word id="r_10_tl_35_w5" custom="readingOrder {index:4;}">
                    <Coords points="827,2049 827,2109 889,2109 889,2049"/>
                    <TextEquiv>
                        <Unicode>Da</Unicode>
                    </TextEquiv>
                </Word>
                <Word id="r_10_tl_35_w6" custom="readingOrder {index:5;}">
                    <Coords points="921,2046 921,2106 953,2106 953,2046"/>
                    <TextEquiv>
                        <Unicode>er</Unicode>
                    </TextEquiv>
                </Word>
                <Word id="r_10_tl_35_w7" custom="readingOrder {index:6;}">
                    <Coords points="979,2049 979,2109 1036,2109 1036,2049"/>
                    <TextEquiv>
                        <Unicode>itzt</Unicode>
                    </TextEquiv>
                </Word>
                <Word id="r_10_tl_35_w8" custom="readingOrder {index:7;}">
                    <Coords points="1063,2049 1063,2109 1177,2109 1177,2049"/>
                    <TextEquiv>
                        <Unicode>hörte,</Unicode>
                    </TextEquiv>
                </Word>
                <Word id="r_10_tl_35_w9" custom="readingOrder {index:8;}">
                    <Coords points="1204,2049 1204,2109 1261,2109 1261,2049"/>
                    <TextEquiv>
                        <Unicode>daß</Unicode>
                    </TextEquiv>
                </Word>
                <TextEquiv>
                    <Unicode>darauf aufmerksam zu seyn. Da er itzt hörte, daß</Unicode>
                </TextEquiv>
            </TextLine>
            <TextLine id="r_10_tl_36" custom="readingOrder {index:35;}">
                <Coords points="254,2150 1264,2146 1264,2110 1210,2098 254,2092"/>
                <Baseline points="262,2140 283,2140 328,2143 373,2140 417,2140 462,2140 507,2140 552,2140 597,2140 641,2137 686,2140 731,2137 776,2137 821,2137 865,2137 910,2137 955,2137 1000,2137 1044,2137 1089,2137 1134,2137 1179,2137 1224,2137 1268,2137"/>
                <Word id="r_10_tl_36_w1" custom="readingOrder {index:0;}">
                    <Coords points="260,2100 260,2160 308,2160 308,2100"/>
                    <TextEquiv>
                        <Unicode>der</Unicode>
                    </TextEquiv>
                </Word>
                <Word id="r_10_tl_36_w2" custom="readingOrder {index:1;}">
                    <Coords points="335,2100 335,2160 486,2160 486,2100"/>
                    <TextEquiv>
                        <Unicode>Prophet</Unicode>
                    </TextEquiv>
                </Word>
                <Word id="r_10_tl_36_w3" custom="readingOrder {index:2;}">
                    <Coords points="509,2100 509,2160 535,2160 535,2100"/>
                    <TextEquiv>
                        <Unicode>in</Unicode>
                    </TextEquiv>
                </Word>
                <Word id="r_10_tl_36_w4" custom="readingOrder {index:3;}">
                    <Coords points="563,2097 563,2157 736,2157 736,2097"/>
                    <TextEquiv>
                        <Unicode>Ansehung</Unicode>
                    </TextEquiv>
                </Word>
                <Word id="r_10_tl_36_w5" custom="readingOrder {index:4;}">
                    <Coords points="764,2097 764,2157 860,2157 860,2097"/>
                    <TextEquiv>
                        <Unicode>seiner</Unicode>
                    </TextEquiv>
                </Word>
                <Word id="r_10_tl_36_w6" custom="readingOrder {index:5;}">
                    <Coords points="893,2097 893,2157 942,2157 942,2097"/>
                    <TextEquiv>
                        <Unicode>dem</Unicode>
                    </TextEquiv>
                </Word>
                <Word id="r_10_tl_36_w7" custom="readingOrder {index:6;}">
                    <Coords points="981,2097 981,2157 1159,2157 1159,2097"/>
                    <TextEquiv>
                        <Unicode>Einsiedler</Unicode>
                    </TextEquiv>
                </Word>
                <Word id="r_10_tl_36_w8" custom="readingOrder {index:7;}">
                    <Coords points="1192,2097 1192,2157 1256,2157 1256,2097"/>
                    <TextEquiv>
                        <Unicode>eine</Unicode>
                    </TextEquiv>
                </Word>
                <TextEquiv>
                    <Unicode>der Prophet in Ansehung seiner dem Einsiedler eine</Unicode>
                </TextEquiv>
            </TextLine>
            <TextLine id="r_10_tl_37" custom="readingOrder {index:36;}">
                <Coords points="258,2200 1272,2192 1272,2149 1153,2140 258,2149"/>
                <Baseline points="265,2188 289,2188 334,2191 379,2191 423,2191 468,2191 513,2188 558,2191 603,2188 647,2188 692,2188 737,2188 782,2185 826,2185 871,2188 916,2185 961,2185 1006,2188 1050,2188 1095,2185 1140,2185 1185,2185 1230,2185 1274,2185"/>
                <Word id="r_10_tl_37_w1" custom="readingOrder {index:0;}">
                    <Coords points="258,2151 258,2211 480,2211 480,2151"/>
                    <TextEquiv>
                        <Unicode>Offenbarung</Unicode>
                    </TextEquiv>
                </Word>
                <Word id="r_10_tl_37_w2" custom="readingOrder {index:1;}">
                    <Coords points="508,2150 508,2210 595,2210 595,2150"/>
                    <TextEquiv>
                        <Unicode>sollte</Unicode>
                    </TextEquiv>
                </Word>
                <Word id="r_10_tl_37_w3" custom="readingOrder {index:2;}">
                    <Coords points="612,2148 612,2208 742,2208 742,2148"/>
                    <TextEquiv>
                        <Unicode>ertheilt</Unicode>
                    </TextEquiv>
                </Word>
                <Word id="r_10_tl_37_w4" custom="readingOrder {index:3;}">
                    <Coords points="764,2145 764,2205 888,2205 888,2145"/>
                    <TextEquiv>
                        <Unicode>haben,</Unicode>
                    </TextEquiv>
                </Word>
                <Word id="r_10_tl_37_w5" custom="readingOrder {index:4;}">
                    <Coords points="911,2145 911,2205 938,2205 938,2145"/>
                    <TextEquiv>
                        <Unicode>so</Unicode>
                    </TextEquiv>
                </Word>
                <Word id="r_10_tl_37_w6" custom="readingOrder {index:5;}">
                    <Coords points="966,2148 966,2208 1106,2208 1106,2148"/>
                    <TextEquiv>
                        <Unicode>bewegte</Unicode>
                    </TextEquiv>
                </Word>
                <Word id="r_10_tl_37_w7" custom="readingOrder {index:6;}">
                    <Coords points="1123,2145 1123,2205 1177,2205 1177,2145"/>
                    <TextEquiv>
                        <Unicode>ihn</Unicode>
                    </TextEquiv>
                </Word>
                <Word id="r_10_tl_37_w8" custom="readingOrder {index:7;}">
                    <Coords points="1205,2145 1205,2205 1269,2205 1269,2145"/>
                    <TextEquiv>
                        <Unicode>die¬</Unicode>
                    </TextEquiv>
                </Word>
                <TextEquiv>
                    <Unicode>Offenbarung sollte ertheilt haben, so bewegte ihn die¬</Unicode>
                </TextEquiv>
            </TextLine>
            <TextLine id="r_10_tl_38" custom="readingOrder {index:37;}">
                <Coords points="260,2262 1261,2254 1271,2206 261,2202"/>
                <Baseline points="268,2239 289,2239 334,2236 379,2236 423,2236 468,2236 513,2239 558,2239 603,2239 647,2236 692,2236 737,2236 782,2236 826,2236 871,2233 916,2236 961,2236 1006,2239 1050,2236 1095,2236 1140,2236 1185,2236 1230,2236 1274,2233"/>
                <Word id="r_10_tl_38_w1" custom="readingOrder {index:0;}">
                    <Coords points="260,2198 260,2258 333,2258 333,2198"/>
                    <TextEquiv>
                        <Unicode>ses,</Unicode>
                    </TextEquiv>
                </Word>
                <Word id="r_10_tl_38_w2" custom="readingOrder {index:1;}">
                    <Coords points="355,2196 355,2256 445,2256 445,2196"/>
                    <TextEquiv>
                        <Unicode>nebst</Unicode>
                    </TextEquiv>
                </Word>
                <Word id="r_10_tl_38_w3" custom="readingOrder {index:2;}">
                    <Coords points="472,2198 472,2258 525,2258 525,2198"/>
                    <TextEquiv>
                        <Unicode>dem</Unicode>
                    </TextEquiv>
                </Word>
                <Word id="r_10_tl_38_w4" custom="readingOrder {index:3;}">
                    <Coords points="563,2196 563,2256 706,2256 706,2196"/>
                    <TextEquiv>
                        <Unicode>Zureden</Unicode>
                    </TextEquiv>
                </Word>
                <Word id="r_10_tl_38_w5" custom="readingOrder {index:4;}">
                    <Coords points="744,2196 744,2256 844,2256 844,2196"/>
                    <TextEquiv>
                        <Unicode>seines</Unicode>
                    </TextEquiv>
                </Word>
                <Word id="r_10_tl_38_w6" custom="readingOrder {index:5;}">
                    <Coords points="871,2196 871,2256 1051,2256 1051,2196"/>
                    <TextEquiv>
                        <Unicode>Vezirs,</Unicode>
                    </TextEquiv>
                </Word>
                <Word id="r_10_tl_38_w7" custom="readingOrder {index:6;}">
                    <Coords points="1078,2196 1078,2256 1130,2256 1130,2196"/>
                    <TextEquiv>
                        <Unicode>den</Unicode>
                    </TextEquiv>
                </Word>
                <Word id="r_10_tl_38_w8" custom="readingOrder {index:7;}">
                    <Coords points="1169,2196 1169,2256 1269,2256 1269,2196"/>
                    <TextEquiv>
                        <Unicode>from¬</Unicode>
                    </TextEquiv>
                </Word>
                <TextEquiv>
                    <Unicode>ses, nebst dem Zureden seines Vezirs, den from¬</Unicode>
                </TextEquiv>
            </TextLine>
            <TextLine id="r_10_tl_39" custom="readingOrder {index:38;}">
                <Coords points="254,2299 1264,2298 1241,2244 254,2260"/>
                <Baseline points="262,2283 307,2283 352,2283 397,2283 441,2286 486,2283 531,2283 576,2283 620,2283 665,2283 710,2280 755,2283 800,2280 844,2280 889,2283 934,2283 979,2286 1024,2283 1068,2283 1113,2283 1158,2283 1203,2283 1247,2283 1268,2286"/>
                <Word id="r_10_tl_39_w1" custom="readingOrder {index:0;}">
                    <Coords points="259,2243 259,2303 325,2303 325,2243"/>
                    <TextEquiv>
                        <Unicode>men</Unicode>
                    </TextEquiv>
                </Word>
                <Word id="r_10_tl_39_w2" custom="readingOrder {index:1;}">
                    <Coords points="357,2243 357,2303 465,2303 465,2243"/>
                    <TextEquiv>
                        <Unicode>Mann</Unicode>
                    </TextEquiv>
                </Word>
                <Word id="r_10_tl_39_w3" custom="readingOrder {index:2;}">
                    <Coords points="497,2243 497,2303 522,2303 522,2243"/>
                    <TextEquiv>
                        <Unicode>in</Unicode>
                    </TextEquiv>
                </Word>
                <Word id="r_10_tl_39_w4" custom="readingOrder {index:3;}">
                    <Coords points="554,2243 554,2303 651,2303 651,2243"/>
                    <TextEquiv>
                        <Unicode>seiner</Unicode>
                    </TextEquiv>
                </Word>
                <Word id="r_10_tl_39_w5" custom="readingOrder {index:4;}">
                    <Coords points="673,2240 673,2300 760,2300 760,2240"/>
                    <TextEquiv>
                        <Unicode>Höle</Unicode>
                    </TextEquiv>
                </Word>
                <Word id="r_10_tl_39_w6" custom="readingOrder {index:5;}">
                    <Coords points="781,2240 781,2300 812,2300 812,2240"/>
                    <TextEquiv>
                        <Unicode>zu</Unicode>
                    </TextEquiv>
                </Word>
                <Word id="r_10_tl_39_w7" custom="readingOrder {index:6;}">
                    <Coords points="838,2243 838,2303 1003,2303 1003,2243"/>
                    <TextEquiv>
                        <Unicode>besuchen.</Unicode>
                    </TextEquiv>
                </Word>
                <Word id="r_10_tl_39_w8" custom="readingOrder {index:7;}">
                    <Coords points="1040,2243 1040,2303 1081,2303 1081,2243"/>
                    <TextEquiv>
                        <Unicode>Er</Unicode>
                    </TextEquiv>
                </Word>
                <Word id="r_10_tl_39_w9" custom="readingOrder {index:8;}">
                    <Coords points="1108,2243 1108,2303 1179,2303 1179,2243"/>
                    <TextEquiv>
                        <Unicode>fand</Unicode>
                    </TextEquiv>
                </Word>
                <Word id="r_10_tl_39_w10" custom="readingOrder {index:9;}">
                    <Coords points="1206,2243 1206,2303 1252,2303 1252,2243"/>
                    <TextEquiv>
                        <Unicode>ihn</Unicode>
                    </TextEquiv>
                </Word>
                <TextEquiv>
                    <Unicode>men Mann in seiner Höle zu besuchen. Er fand ihn</Unicode>
                </TextEquiv>
            </TextLine>
            <TextLine id="r_10_tl_40" custom="readingOrder {index:39;}">
                <Coords points="263,2340 1262,2337 1261,2303 1151,2292 783,2321 725,2292 262,2298"/>
                <Baseline points="271,2331 316,2331 361,2331 406,2328 450,2328 495,2331 540,2328 585,2328 629,2328 674,2328 719,2328 764,2328 809,2331 853,2331 898,2331 943,2331 988,2331 1032,2334 1077,2334 1122,2331 1167,2331 1212,2331 1256,2334 1265,2331"/>
                <Word id="r_10_tl_40_w1" custom="readingOrder {index:0;}">
                    <Coords points="256,2291 256,2351 280,2351 280,2291"/>
                    <TextEquiv>
                        <Unicode>in</Unicode>
                    </TextEquiv>
                </Word>
                <Word id="r_10_tl_40_w2" custom="readingOrder {index:1;}">
                    <Coords points="316,2290 316,2350 413,2350 413,2290"/>
                    <TextEquiv>
                        <Unicode>seiner</Unicode>
                    </TextEquiv>
                </Word>
                <Word id="r_10_tl_40_w3" custom="readingOrder {index:2;}">
                    <Coords points="449,2288 449,2348 763,2348 763,2288"/>
                    <TextEquiv>
                        <Unicode>Morgenandacht,</Unicode>
                    </TextEquiv>
                </Word>
                <Word id="r_10_tl_40_w4" custom="readingOrder {index:3;}">
                    <Coords points="794,2291 794,2351 887,2351 887,2291"/>
                    <TextEquiv>
                        <Unicode>gegen</Unicode>
                    </TextEquiv>
                </Word>
                <Word id="r_10_tl_40_w5" custom="readingOrder {index:4;}">
                    <Coords points="922,2291 922,2351 1015,2351 1015,2291"/>
                    <TextEquiv>
                        <Unicode>Osten</Unicode>
                    </TextEquiv>
                </Word>
                <Word id="r_10_tl_40_w6" custom="readingOrder {index:5;}">
                    <Coords points="1055,2293 1055,2353 1113,2353 1113,2293"/>
                    <TextEquiv>
                        <Unicode>mit</Unicode>
                    </TextEquiv>
                </Word>
                <Word id="r_10_tl_40_w7" custom="readingOrder {index:6;}">
                    <Coords points="1143,2291 1143,2351 1241,2351 1241,2291"/>
                    <TextEquiv>
                        <Unicode>seinem</Unicode>
                    </TextEquiv>
                </Word>
                <TextEquiv>
                    <Unicode>in seiner Morgenandacht, gegen Osten mit seinem</Unicode>
                </TextEquiv>
            </TextLine>
            <TextLine id="r_10_tl_41" custom="readingOrder {index:40;}">
                <Coords points="260,2391 1253,2400 1262,2337 258,2336"/>
                <Baseline points="265,2379 310,2382 355,2379 400,2379 444,2379 489,2376 534,2376 579,2376 623,2376 668,2376 713,2376 758,2379 803,2379 847,2379 892,2382 937,2379 982,2382 1027,2385 1071,2385 1116,2382 1161,2382 1206,2382 1250,2382 1265,2379"/>
                <Word id="r_10_tl_41_w1" custom="readingOrder {index:0;}">
                    <Coords points="263,2339 263,2399 474,2399 474,2339"/>
                    <TextEquiv>
                        <Unicode>Angesichte,</Unicode>
                    </TextEquiv>
                </Word>
                <Word id="r_10_tl_41_w2" custom="readingOrder {index:1;}">
                    <Coords points="496,2336 496,2396 558,2396 558,2336"/>
                    <TextEquiv>
                        <Unicode>und</Unicode>
                    </TextEquiv>
                </Word>
                <Word id="r_10_tl_41_w3" custom="readingOrder {index:2;}">
                    <Coords points="580,2336 580,2396 637,2396 637,2336"/>
                    <TextEquiv>
                        <Unicode>zur</Unicode>
                    </TextEquiv>
                </Word>
                <Word id="r_10_tl_41_w4" custom="readingOrder {index:3;}">
                    <Coords points="654,2336 654,2396 738,2396 738,2336"/>
                    <TextEquiv>
                        <Unicode>Erde</Unicode>
                    </TextEquiv>
                </Word>
                <Word id="r_10_tl_41_w5" custom="readingOrder {index:4;}">
                    <Coords points="760,2339 760,2399 902,2399 902,2339"/>
                    <TextEquiv>
                        <Unicode>gekehrt.</Unicode>
                    </TextEquiv>
                </Word>
                <Word id="r_10_tl_41_w6" custom="readingOrder {index:5;}">
                    <Coords points="955,2342 955,2402 1013,2402 1013,2342"/>
                    <TextEquiv>
                        <Unicode>Da</Unicode>
                    </TextEquiv>
                </Word>
                <Word id="r_10_tl_41_w7" custom="readingOrder {index:6;}">
                    <Coords points="1050,2345 1050,2405 1076,2405 1076,2345"/>
                    <TextEquiv>
                        <Unicode>er</Unicode>
                    </TextEquiv>
                </Word>
                <Word id="r_10_tl_41_w8" custom="readingOrder {index:7;}">
                    <Coords points="1108,2342 1108,2402 1155,2402 1155,2342"/>
                    <TextEquiv>
                        <Unicode>sich</Unicode>
                    </TextEquiv>
                </Word>
                <Word id="r_10_tl_41_w9" custom="readingOrder {index:8;}">
                    <Coords points="1193,2342 1193,2402 1266,2402 1266,2342"/>
                    <TextEquiv>
                        <Unicode>auf¬</Unicode>
                    </TextEquiv>
                </Word>
                <TextEquiv>
                    <Unicode>Angesichte, und zur Erde gekehrt. Da er sich auf¬</Unicode>
                </TextEquiv>
            </TextLine>
            <TextLine id="r_10_tl_42" custom="readingOrder {index:41;}">
                <Coords points="258,2443 1067,2453 1262,2443 1262,2400 257,2395"/>
                <Baseline points="265,2433 280,2433 325,2430 370,2430 414,2427 459,2427 504,2424 549,2424 594,2424 638,2424 683,2424 728,2424 773,2427 818,2430 862,2430 907,2433 952,2430 997,2430 1041,2433 1086,2433 1131,2433 1176,2430 1221,2430 1265,2430"/>
                <Word id="r_10_tl_42_w1" custom="readingOrder {index:0;}">
                    <Coords points="258,2390 258,2450 411,2450 411,2390"/>
                    <TextEquiv>
                        <Unicode>richtete,</Unicode>
                    </TextEquiv>
                </Word>
                <Word id="r_10_tl_42_w2" custom="readingOrder {index:1;}">
                    <Coords points="442,2385 442,2445 512,2445 512,2385"/>
                    <TextEquiv>
                        <Unicode>sahe</Unicode>
                    </TextEquiv>
                </Word>
                <Word id="r_10_tl_42_w3" custom="readingOrder {index:2;}">
                    <Coords points="530,2384 530,2444 559,2444 559,2384"/>
                    <TextEquiv>
                        <Unicode>er</Unicode>
                    </TextEquiv>
                </Word>
                <Word id="r_10_tl_42_w4" custom="readingOrder {index:3;}">
                    <Coords points="583,2384 583,2444 637,2444 637,2384"/>
                    <TextEquiv>
                        <Unicode>den</Unicode>
                    </TextEquiv>
                </Word>
                <Word id="r_10_tl_42_w5" custom="readingOrder {index:4;}">
                    <Coords points="667,2384 667,2444 814,2444 814,2384"/>
                    <TextEquiv>
                        <Unicode>Khalifen</Unicode>
                    </TextEquiv>
                </Word>
                <Word id="r_10_tl_42_w6" custom="readingOrder {index:5;}">
                    <Coords points="845,2390 845,2450 897,2450 897,2390"/>
                    <TextEquiv>
                        <Unicode>vor</Unicode>
                    </TextEquiv>
                </Word>
                <Word id="r_10_tl_42_w7" custom="readingOrder {index:6;}">
                    <Coords points="921,2390 921,2450 968,2450 968,2390"/>
                    <TextEquiv>
                        <Unicode>sich</Unicode>
                    </TextEquiv>
                </Word>
                <Word id="r_10_tl_42_w8" custom="readingOrder {index:7;}">
                    <Coords points="999,2393 999,2453 1123,2453 1123,2393"/>
                    <TextEquiv>
                        <Unicode>stehen.</Unicode>
                    </TextEquiv>
                </Word>
                <Word id="r_10_tl_42_w9" custom="readingOrder {index:8;}">
                    <Coords points="1188,2390 1188,2450 1264,2450 1264,2390"/>
                    <TextEquiv>
                        <Unicode>Ab¬</Unicode>
                    </TextEquiv>
                </Word>
                <TextEquiv>
                    <Unicode>richtete, sahe er den Khalifen vor sich stehen. Ab¬</Unicode>
                </TextEquiv>
            </TextLine>
            <TextLine id="r_10_tl_43" custom="readingOrder {index:42;}">
                <Coords points="254,2488 1271,2490 1271,2447 1151,2433 254,2444"/>
                <Baseline points="262,2483 307,2483 352,2480 397,2480 441,2477 486,2477 531,2475 576,2472 620,2472 665,2475 710,2475 755,2475 800,2480 844,2480 889,2480 934,2483 979,2483 1024,2483 1068,2483 1113,2483 1158,2483 1203,2483 1247,2483 1274,2483"/>
                <Word id="r_10_tl_43_w1" custom="readingOrder {index:0;}">
                    <Coords points="262,2440 262,2500 437,2500 437,2440"/>
                    <TextEquiv>
                        <Unicode>dallah,</Unicode>
                    </TextEquiv>
                </Word>
                <Word id="r_10_tl_43_w2" custom="readingOrder {index:1;}">
                    <Coords points="461,2436 461,2496 546,2496 546,2436"/>
                    <TextEquiv>
                        <Unicode>sagte</Unicode>
                    </TextEquiv>
                </Word>
                <Word id="r_10_tl_43_w3" custom="readingOrder {index:2;}">
                    <Coords points="571,2432 571,2492 618,2492 618,2432"/>
                    <TextEquiv>
                        <Unicode>der</Unicode>
                    </TextEquiv>
                </Word>
                <Word id="r_10_tl_43_w4" custom="readingOrder {index:3;}">
                    <Coords points="643,2435 643,2495 824,2495 824,2435"/>
                    <TextEquiv>
                        <Unicode>Khalif,</Unicode>
                    </TextEquiv>
                </Word>
                <Word id="r_10_tl_43_w5" custom="readingOrder {index:4;}">
                    <Coords points="850,2440 850,2500 915,2500 915,2440"/>
                    <TextEquiv>
                        <Unicode>was</Unicode>
                    </TextEquiv>
                </Word>
                <Word id="r_10_tl_43_w6" custom="readingOrder {index:5;}">
                    <Coords points="946,2443 946,2503 1001,2503 1001,2443"/>
                    <TextEquiv>
                        <Unicode>hat</Unicode>
                    </TextEquiv>
                </Word>
                <Word id="r_10_tl_43_w7" custom="readingOrder {index:6;}">
                    <Coords points="1026,2443 1026,2503 1073,2503 1073,2443"/>
                    <TextEquiv>
                        <Unicode>dir</Unicode>
                    </TextEquiv>
                </Word>
                <Word id="r_10_tl_43_w8" custom="readingOrder {index:7;}">
                    <Coords points="1104,2443 1104,2503 1152,2503 1152,2443"/>
                    <TextEquiv>
                        <Unicode>der</Unicode>
                    </TextEquiv>
                </Word>
                <Word id="r_10_tl_43_w9" custom="readingOrder {index:8;}">
                    <Coords points="1177,2443 1177,2503 1267,2503 1267,2443"/>
                    <TextEquiv>
                        <Unicode>Pro¬</Unicode>
                    </TextEquiv>
                </Word>
                <TextEquiv>
                    <Unicode>dallah, sagte der Khalif, was hat dir der Pro¬</Unicode>
                </TextEquiv>
            </TextLine>
            <TextLine id="r_10_tl_44" custom="readingOrder {index:43;}">
                <Coords points="257,2553 359,2538 427,2565 603,2529 676,2551 745,2529 748,2483 260,2501"/>
                <Baseline points="265,2537 301,2534 346,2534 391,2534 435,2531 480,2528 525,2525 570,2525 615,2522 659,2519 704,2522 749,2519"/>
                <Word id="r_10_tl_44_w1" custom="readingOrder {index:0;}">
                    <Coords points="263,2494 263,2554 338,2554 338,2494"/>
                    <TextEquiv>
                        <Unicode>phet</Unicode>
                    </TextEquiv>
                </Word>
                <Word id="r_10_tl_44_w2" custom="readingOrder {index:1;}">
                    <Coords points="361,2494 361,2554 414,2554 414,2494"/>
                    <TextEquiv>
                        <Unicode>von</Unicode>
                    </TextEquiv>
                </Word>
                <Word id="r_10_tl_44_w3" custom="readingOrder {index:2;}">
                    <Coords points="442,2488 442,2548 506,2548 506,2488"/>
                    <TextEquiv>
                        <Unicode>mir</Unicode>
                    </TextEquiv>
                </Word>
                <Word id="r_10_tl_44_w4" custom="readingOrder {index:3;}">
                    <Coords points="529,2480 529,2540 735,2540 735,2480"/>
                    <TextEquiv>
                        <Unicode>offenbaret?</Unicode>
                    </TextEquiv>
                </Word>
                <TextEquiv>
                    <Unicode>phet von mir offenbaret?</Unicode>
                </TextEquiv>
            </TextLine>
            <TextLine id="r_10_tl_45" custom="readingOrder {index:44;}">
                <Coords points="299,2618 1264,2618 1264,2557 1226,2548 299,2564"/>
                <Baseline points="307,2600 352,2603 397,2603 441,2603 486,2603 531,2603 576,2600 620,2597 665,2597 710,2594 755,2594 800,2594 844,2597 889,2600 934,2603 979,2603 1024,2603 1068,2603 1113,2603 1158,2603 1203,2603 1247,2606 1268,2603"/>
                <Word id="r_10_tl_45_w1" custom="readingOrder {index:0;}">
                    <Coords points="306,2560 306,2620 323,2620 323,2560"/>
                    <TextEquiv>
                        <Unicode>O</Unicode>
                    </TextEquiv>
                </Word>
                <Word id="r_10_tl_45_w2" custom="readingOrder {index:1;}">
                    <Coords points="365,2563 365,2623 483,2623 483,2563"/>
                    <TextEquiv>
                        <Unicode>Kayser</Unicode>
                    </TextEquiv>
                </Word>
                <Word id="r_10_tl_45_w3" custom="readingOrder {index:2;}">
                    <Coords points="514,2562 514,2622 560,2622 560,2562"/>
                    <TextEquiv>
                        <Unicode>der</Unicode>
                    </TextEquiv>
                </Word>
                <Word id="r_10_tl_45_w4" custom="readingOrder {index:3;}">
                    <Coords points="585,2555 585,2615 804,2615 804,2555"/>
                    <TextEquiv>
                        <Unicode>Gläubigen,</Unicode>
                    </TextEquiv>
                </Word>
                <Word id="r_10_tl_45_w5" custom="readingOrder {index:4;}">
                    <Coords points="828,2562 828,2622 1023,2622 1023,2562"/>
                    <TextEquiv>
                        <Unicode>antwortete</Unicode>
                    </TextEquiv>
                </Word>
                <Word id="r_10_tl_45_w6" custom="readingOrder {index:5;}">
                    <Coords points="1048,2563 1048,2623 1100,2623 1100,2563"/>
                    <TextEquiv>
                        <Unicode>der</Unicode>
                    </TextEquiv>
                </Word>
                <Word id="r_10_tl_45_w7" custom="readingOrder {index:6;}">
                    <Coords points="1124,2563 1124,2623 1266,2623 1266,2563"/>
                    <TextEquiv>
                        <Unicode>Einsied¬</Unicode>
                    </TextEquiv>
                </Word>
                <TextEquiv>
                    <Unicode>O Kayser der Gläubigen, antwortete der Einsied¬</Unicode>
                </TextEquiv>
            </TextLine>
            <TextLine id="r_10_tl_46" custom="readingOrder {index:45;}">
                <Coords points="254,2666 1262,2666 1262,2618 1162,2610 254,2616"/>
                <Baseline points="262,2654 307,2657 352,2654 397,2654 441,2654 486,2657 531,2654 576,2651 620,2648 665,2648 710,2645 755,2645 800,2645 844,2645 889,2648 934,2648 979,2654 1024,2654 1068,2654 1113,2654 1158,2654 1203,2651 1247,2654 1265,2654"/>
                <Word id="r_10_tl_46_w1" custom="readingOrder {index:0;}">
                    <Coords points="256,2615 256,2675 327,2675 327,2615"/>
                    <TextEquiv>
                        <Unicode>ler,</Unicode>
                    </TextEquiv>
                </Word>
                <Word id="r_10_tl_46_w2" custom="readingOrder {index:1;}">
                    <Coords points="352,2614 352,2674 515,2674 515,2614"/>
                    <TextEquiv>
                        <Unicode>ernsthaft</Unicode>
                    </TextEquiv>
                </Word>
                <Word id="r_10_tl_46_w3" custom="readingOrder {index:2;}">
                    <Coords points="539,2612 539,2672 575,2672 575,2612"/>
                    <TextEquiv>
                        <Unicode>ist</Unicode>
                    </TextEquiv>
                </Word>
                <Word id="r_10_tl_46_w4" custom="readingOrder {index:3;}">
                    <Coords points="606,2608 606,2668 666,2668 666,2608"/>
                    <TextEquiv>
                        <Unicode>das</Unicode>
                    </TextEquiv>
                </Word>
                <Word id="r_10_tl_46_w5" custom="readingOrder {index:4;}">
                    <Coords points="697,2605 697,2665 847,2665 847,2605"/>
                    <TextEquiv>
                        <Unicode>Gesicht,</Unicode>
                    </TextEquiv>
                </Word>
                <Word id="r_10_tl_46_w6" custom="readingOrder {index:5;}">
                    <Coords points="872,2608 872,2668 962,2668 962,2608"/>
                    <TextEquiv>
                        <Unicode>dessen</Unicode>
                    </TextEquiv>
                </Word>
                <Word id="r_10_tl_46_w7" custom="readingOrder {index:6;}">
                    <Coords points="999,2614 999,2674 1040,2674 1040,2614"/>
                    <TextEquiv>
                        <Unicode>ich</Unicode>
                    </TextEquiv>
                </Word>
                <Word id="r_10_tl_46_w8" custom="readingOrder {index:7;}">
                    <Coords points="1072,2613 1072,2673 1258,2673 1258,2613"/>
                    <TextEquiv>
                        <Unicode>gewürdigt</Unicode>
                    </TextEquiv>
                </Word>
                <TextEquiv>
                    <Unicode>ler, ernsthaft ist das Gesicht, dessen ich gewürdigt</Unicode>
                </TextEquiv>
            </TextLine>
            <TextLine id="r_10_tl_47" custom="readingOrder {index:46;}">
                <Coords points="249,2711 1257,2716 1257,2665 1191,2657 934,2687 853,2654 249,2661"/>
                <Baseline points="256,2701 301,2701 346,2704 391,2701 435,2701 480,2701 525,2704 570,2701 615,2698 659,2698 704,2698 749,2692 794,2692 838,2692 883,2695 928,2695 973,2701 1018,2701 1062,2701 1107,2704 1152,2701 1197,2701 1241,2701 1259,2701"/>
                <Word id="r_10_tl_47_w1" custom="readingOrder {index:0;}">
                    <Coords points="257,2662 257,2722 382,2722 382,2662"/>
                    <TextEquiv>
                        <Unicode>worden</Unicode>
                    </TextEquiv>
                </Word>
                <Word id="r_10_tl_47_w2" custom="readingOrder {index:1;}">
                    <Coords points="408,2661 408,2721 477,2721 477,2661"/>
                    <TextEquiv>
                        <Unicode>bin.</Unicode>
                    </TextEquiv>
                </Word>
                <Word id="r_10_tl_47_w3" custom="readingOrder {index:2;}">
                    <Coords points="529,2661 529,2721 591,2721 591,2661"/>
                    <TextEquiv>
                        <Unicode>Ich</Unicode>
                    </TextEquiv>
                </Word>
                <Word id="r_10_tl_47_w4" custom="readingOrder {index:3;}">
                    <Coords points="623,2658 623,2718 780,2718 780,2658"/>
                    <TextEquiv>
                        <Unicode>fürchtete</Unicode>
                    </TextEquiv>
                </Word>
                <Word id="r_10_tl_47_w5" custom="readingOrder {index:4;}">
                    <Coords points="806,2653 806,2713 912,2713 912,2653"/>
                    <TextEquiv>
                        <Unicode>mich,</Unicode>
                    </TextEquiv>
                </Word>
                <Word id="r_10_tl_47_w6" custom="readingOrder {index:5;}">
                    <Coords points="938,2658 938,2718 975,2718 975,2658"/>
                    <TextEquiv>
                        <Unicode>es</Unicode>
                    </TextEquiv>
                </Word>
                <Word id="r_10_tl_47_w7" custom="readingOrder {index:6;}">
                    <Coords points="1007,2661 1007,2721 1057,2721 1057,2661"/>
                    <TextEquiv>
                        <Unicode>dir</Unicode>
                    </TextEquiv>
                </Word>
                <Word id="r_10_tl_47_w8" custom="readingOrder {index:7;}">
                    <Coords points="1083,2663 1083,2723 1114,2723 1114,2663"/>
                    <TextEquiv>
                        <Unicode>zu</Unicode>
                    </TextEquiv>
                </Word>
                <Word id="r_10_tl_47_w9" custom="readingOrder {index:8;}">
                    <Coords points="1146,2661 1146,2721 1259,2721 1259,2661"/>
                    <TextEquiv>
                        <Unicode>sagen,</Unicode>
                    </TextEquiv>
                </Word>
                <TextEquiv>
                    <Unicode>worden bin. Ich fürchtete mich, es dir zu sagen,</Unicode>
                </TextEquiv>
            </TextLine>
            <TextLine id="r_10_tl_48" custom="readingOrder {index:47;}">
                <Coords points="249,2779 1263,2761 1236,2710 249,2713"/>
                <Baseline points="256,2752 280,2752 325,2752 370,2752 414,2749 459,2749 504,2749 549,2749 594,2749 638,2746 683,2749 728,2746 773,2746 818,2740 862,2740 907,2740 952,2746 997,2749 1041,2752 1086,2752 1131,2749 1176,2746 1221,2749 1265,2746"/>
                <Word id="r_10_tl_48_w1" custom="readingOrder {index:0;}">
                    <Coords points="255,2712 255,2772 327,2772 327,2712"/>
                    <TextEquiv>
                        <Unicode>aber</Unicode>
                    </TextEquiv>
                </Word>
                <Word id="r_10_tl_48_w2" custom="readingOrder {index:1;}">
                    <Coords points="349,2710 349,2770 437,2770 437,2710"/>
                    <TextEquiv>
                        <Unicode>wenn</Unicode>
                    </TextEquiv>
                </Word>
                <Word id="r_10_tl_48_w3" custom="readingOrder {index:2;}">
                    <Coords points="466,2709 466,2769 499,2769 499,2709"/>
                    <TextEquiv>
                        <Unicode>du</Unicode>
                    </TextEquiv>
                </Word>
                <Word id="r_10_tl_48_w4" custom="readingOrder {index:3;}">
                    <Coords points="533,2707 533,2767 710,2767 710,2707"/>
                    <TextEquiv>
                        <Unicode>gebietest,</Unicode>
                    </TextEquiv>
                </Word>
                <Word id="r_10_tl_48_w5" custom="readingOrder {index:4;}">
                    <Coords points="738,2705 738,2765 810,2765 810,2705"/>
                    <TextEquiv>
                        <Unicode>muß</Unicode>
                    </TextEquiv>
                </Word>
                <Word id="r_10_tl_48_w6" custom="readingOrder {index:5;}">
                    <Coords points="850,2700 850,2760 899,2760 899,2700"/>
                    <TextEquiv>
                        <Unicode>sich</Unicode>
                    </TextEquiv>
                </Word>
                <Word id="r_10_tl_48_w7" custom="readingOrder {index:6;}">
                    <Coords points="933,2706 933,2766 977,2766 977,2706"/>
                    <TextEquiv>
                        <Unicode>die</Unicode>
                    </TextEquiv>
                </Word>
                <Word id="r_10_tl_48_w8" custom="readingOrder {index:7;}">
                    <Coords points="999,2712 999,2772 1094,2772 1094,2712"/>
                    <TextEquiv>
                        <Unicode>Welt</Unicode>
                    </TextEquiv>
                </Word>
                <Word id="r_10_tl_48_w9" custom="readingOrder {index:8;}">
                    <Coords points="1122,2707 1122,2767 1177,2767 1177,2707"/>
                    <TextEquiv>
                        <Unicode>vor</Unicode>
                    </TextEquiv>
                </Word>
                <Word id="r_10_tl_48_w10" custom="readingOrder {index:9;}">
                    <Coords points="1205,2708 1205,2768 1254,2768 1254,2708"/>
                    <TextEquiv>
                        <Unicode>dir</Unicode>
                    </TextEquiv>
                </Word>
                <TextEquiv>
                    <Unicode>aber wenn du gebietest, muß sich die Welt vor dir</Unicode>
                </TextEquiv>
            </TextLine>
            <TextLine id="r_10_tl_49" custom="readingOrder {index:48;}">
                <Coords points="249,2823 1257,2812 1257,2764 1187,2755 249,2779"/>
                <Baseline points="256,2800 274,2800 319,2800 364,2800 409,2800 453,2800 498,2797 543,2797 588,2800 632,2800 677,2797 722,2797 767,2794 812,2794 856,2791 901,2791 946,2791 991,2794 1035,2800 1080,2800 1125,2797 1170,2797 1215,2800 1259,2797"/>
                <Word id="r_10_tl_49_w1" custom="readingOrder {index:0;}">
                    <Coords points="250,2760 250,2820 388,2820 388,2760"/>
                    <TextEquiv>
                        <Unicode>neigen,</Unicode>
                    </TextEquiv>
                </Word>
                <Word id="r_10_tl_49_w2" custom="readingOrder {index:1;}">
                    <Coords points="417,2760 417,2820 478,2820 478,2760"/>
                    <TextEquiv>
                        <Unicode>und</Unicode>
                    </TextEquiv>
                </Word>
                <Word id="r_10_tl_49_w3" custom="readingOrder {index:2;}">
                    <Coords points="495,2757 495,2817 539,2817 539,2757"/>
                    <TextEquiv>
                        <Unicode>ich</Unicode>
                    </TextEquiv>
                </Word>
                <Word id="r_10_tl_49_w4" custom="readingOrder {index:3;}">
                    <Coords points="562,2758 562,2818 757,2818 757,2758"/>
                    <TextEquiv>
                        <Unicode>gehorchen.</Unicode>
                    </TextEquiv>
                </Word>
                <Word id="r_10_tl_49_w5" custom="readingOrder {index:4;}">
                    <Coords points="819,2751 819,2811 970,2811 970,2751"/>
                    <TextEquiv>
                        <Unicode>Nachdem</Unicode>
                    </TextEquiv>
                </Word>
                <Word id="r_10_tl_49_w6" custom="readingOrder {index:5;}">
                    <Coords points="1015,2760 1015,2820 1059,2820 1059,2760"/>
                    <TextEquiv>
                        <Unicode>ich</Unicode>
                    </TextEquiv>
                </Word>
                <Word id="r_10_tl_49_w7" custom="readingOrder {index:6;}">
                    <Coords points="1087,2758 1087,2818 1126,2818 1126,2758"/>
                    <TextEquiv>
                        <Unicode>um</Unicode>
                    </TextEquiv>
                </Word>
                <Word id="r_10_tl_49_w8" custom="readingOrder {index:7;}">
                    <Coords points="1171,2759 1171,2819 1260,2819 1260,2759"/>
                    <TextEquiv>
                        <Unicode>Mit¬</Unicode>
                    </TextEquiv>
                </Word>
                <TextEquiv>
                    <Unicode>neigen, und ich gehorchen. Nachdem ich um Mit¬</Unicode>
                </TextEquiv>
            </TextLine>
            <TextLine id="r_10_tl_50" custom="readingOrder {index:49;}">
                <Coords points="252,2864 1255,2855 1218,2804 252,2824"/>
                <Baseline points="259,2851 274,2851 319,2851 364,2851 409,2848 453,2848 498,2848 543,2848 588,2848 632,2848 677,2848 722,2848 767,2842 812,2839 856,2839 901,2836 946,2842 991,2845 1035,2848 1080,2848 1125,2848 1170,2845 1215,2845 1259,2848"/>
                <Word id="r_10_tl_50_w1" custom="readingOrder {index:0;}">
                    <Coords points="253,2811 253,2871 413,2871 413,2811"/>
                    <TextEquiv>
                        <Unicode>ternacht,</Unicode>
                    </TextEquiv>
                </Word>
                <Word id="r_10_tl_50_w2" custom="readingOrder {index:1;}">
                    <Coords points="436,2808 436,2868 496,2868 496,2808"/>
                    <TextEquiv>
                        <Unicode>wie</Unicode>
                    </TextEquiv>
                </Word>
                <Word id="r_10_tl_50_w3" custom="readingOrder {index:2;}">
                    <Coords points="519,2808 519,2868 557,2868 557,2808"/>
                    <TextEquiv>
                        <Unicode>ich</Unicode>
                    </TextEquiv>
                </Word>
                <Word id="r_10_tl_50_w4" custom="readingOrder {index:3;}">
                    <Coords points="580,2808 580,2868 613,2868 613,2808"/>
                    <TextEquiv>
                        <Unicode>zu</Unicode>
                    </TextEquiv>
                </Word>
                <Word id="r_10_tl_50_w5" custom="readingOrder {index:4;}">
                    <Coords points="636,2808 636,2868 713,2868 713,2808"/>
                    <TextEquiv>
                        <Unicode>thun</Unicode>
                    </TextEquiv>
                </Word>
                <Word id="r_10_tl_50_w6" custom="readingOrder {index:5;}">
                    <Coords points="742,2799 742,2859 896,2859 896,2799"/>
                    <TextEquiv>
                        <Unicode>gewohnt</Unicode>
                    </TextEquiv>
                </Word>
                <Word id="r_10_tl_50_w7" custom="readingOrder {index:6;}">
                    <Coords points="925,2803 925,2863 1002,2863 1002,2803"/>
                    <TextEquiv>
                        <Unicode>bin,</Unicode>
                    </TextEquiv>
                </Word>
                <Word id="r_10_tl_50_w8" custom="readingOrder {index:7;}">
                    <Coords points="1030,2808 1030,2868 1113,2868 1113,2808"/>
                    <TextEquiv>
                        <Unicode>mein</Unicode>
                    </TextEquiv>
                </Word>
                <Word id="r_10_tl_50_w9" custom="readingOrder {index:8;}">
                    <Coords points="1142,2805 1142,2865 1252,2865 1252,2805"/>
                    <TextEquiv>
                        <Unicode>Gebet</Unicode>
                    </TextEquiv>
                </Word>
                <TextEquiv>
                    <Unicode>ternacht, wie ich zu thun gewohnt bin, mein Gebet</Unicode>
                </TextEquiv>
            </TextLine>
            <TextLine id="r_10_tl_51" custom="readingOrder {index:50;}">
                <Coords points="252,2911 1255,2900 1255,2857 926,2840 252,2868"/>
                <Baseline points="259,2898 274,2898 319,2898 364,2898 409,2898 453,2895 498,2895 543,2895 588,2898 632,2895 677,2895 722,2895 767,2892 812,2892 856,2889 901,2889 946,2889 991,2895 1035,2892 1080,2895 1125,2895 1170,2895 1215,2895 1259,2895"/>
                <Word id="r_10_tl_51_w1" custom="readingOrder {index:0;}">
                    <Coords points="253,2858 253,2918 461,2918 461,2858"/>
                    <TextEquiv>
                        <Unicode>verrichtete,</Unicode>
                    </TextEquiv>
                </Word>
                <Word id="r_10_tl_51_w2" custom="readingOrder {index:1;}">
                    <Coords points="485,2855 485,2915 540,2915 540,2855"/>
                    <TextEquiv>
                        <Unicode>fiel</Unicode>
                    </TextEquiv>
                </Word>
                <Word id="r_10_tl_51_w3" custom="readingOrder {index:2;}">
                    <Coords points="558,2857 558,2917 597,2917 597,2857"/>
                    <TextEquiv>
                        <Unicode>ich</Unicode>
                    </TextEquiv>
                </Word>
                <Word id="r_10_tl_51_w4" custom="readingOrder {index:3;}">
                    <Coords points="620,2855 620,2915 648,2915 648,2855"/>
                    <TextEquiv>
                        <Unicode>in</Unicode>
                    </TextEquiv>
                </Word>
                <Word id="r_10_tl_51_w5" custom="readingOrder {index:4;}">
                    <Coords points="677,2855 677,2915 744,2915 744,2855"/>
                    <TextEquiv>
                        <Unicode>eine</Unicode>
                    </TextEquiv>
                </Word>
                <Word id="r_10_tl_51_w6" custom="readingOrder {index:5;}">
                    <Coords points="767,2849 767,2909 993,2909 993,2849"/>
                    <TextEquiv>
                        <Unicode>Entzückung.</Unicode>
                    </TextEquiv>
                </Word>
                <Word id="r_10_tl_51_w7" custom="readingOrder {index:6;}">
                    <Coords points="1038,2855 1038,2915 1128,2915 1128,2855"/>
                    <TextEquiv>
                        <Unicode>Mich</Unicode>
                    </TextEquiv>
                </Word>
                <Word id="r_10_tl_51_w8" custom="readingOrder {index:7;}">
                    <Coords points="1157,2855 1157,2915 1258,2915 1258,2855"/>
                    <TextEquiv>
                        <Unicode>dünk¬</Unicode>
                    </TextEquiv>
                </Word>
                <TextEquiv>
                    <Unicode>verrichtete, fiel ich in eine Entzückung. Mich dünk¬</Unicode>
                </TextEquiv>
            </TextLine>
            <TextLine id="r_10_tl_52" custom="readingOrder {index:51;}">
                <Coords points="245,2970 950,2949 1259,2984 1259,2900 903,2930 820,2899 245,2909"/>
                <Baseline points="253,2952 277,2952 322,2949 367,2949 412,2949 456,2949 501,2949 546,2949 591,2949 635,2949 680,2949 725,2949 770,2946 815,2946 859,2943 904,2940 949,2943 994,2943 1038,2946 1083,2949 1128,2949 1173,2946 1218,2946 1262,2943"/>
                <Word id="r_10_tl_52_w1" custom="readingOrder {index:0;}">
                    <Coords points="251,2912 251,2972 302,2972 302,2912"/>
                    <TextEquiv>
                        <Unicode>te,</Unicode>
                    </TextEquiv>
                </Word>
                <Word id="r_10_tl_52_w2" custom="readingOrder {index:1;}">
                    <Coords points="331,2909 331,2969 432,2969 432,2909"/>
                    <TextEquiv>
                        <Unicode>meine</Unicode>
                    </TextEquiv>
                </Word>
                <Word id="r_10_tl_52_w3" custom="readingOrder {index:2;}">
                    <Coords points="461,2909 461,2969 562,2969 562,2909"/>
                    <TextEquiv>
                        <Unicode>Seele</Unicode>
                    </TextEquiv>
                </Word>
                <Word id="r_10_tl_52_w4" custom="readingOrder {index:3;}">
                    <Coords points="585,2909 585,2969 675,2969 675,2909"/>
                    <TextEquiv>
                        <Unicode>wäre</Unicode>
                    </TextEquiv>
                </Word>
                <Word id="r_10_tl_52_w5" custom="readingOrder {index:4;}">
                    <Coords points="692,2906 692,2966 889,2966 889,2906"/>
                    <TextEquiv>
                        <Unicode>aufgelöset,</Unicode>
                    </TextEquiv>
                </Word>
                <Word id="r_10_tl_52_w6" custom="readingOrder {index:5;}">
                    <Coords points="918,2903 918,2963 980,2963 980,2903"/>
                    <TextEquiv>
                        <Unicode>und</Unicode>
                    </TextEquiv>
                </Word>
                <Word id="r_10_tl_52_w7" custom="readingOrder {index:6;}">
                    <Coords points="1003,2906 1003,2966 1087,2966 1087,2906"/>
                    <TextEquiv>
                        <Unicode>einer</Unicode>
                    </TextEquiv>
                </Word>
                <Word id="r_10_tl_52_w8" custom="readingOrder {index:7;}">
                    <Coords points="1116,2908 1116,2968 1166,2968 1166,2908"/>
                    <TextEquiv>
                        <Unicode>der</Unicode>
                    </TextEquiv>
                </Word>
                <Word id="r_10_tl_52_w9" custom="readingOrder {index:8;}">
                    <Coords points="1189,2905 1189,2965 1256,2965 1256,2905"/>
                    <TextEquiv>
                        <Unicode>En¬</Unicode>
                    </TextEquiv>
                </Word>
                <TextEquiv>
                    <Unicode>te, meine Seele wäre aufgelöset, und einer der En¬</Unicode>
                </TextEquiv>
            </TextLine>
            <TextEquiv>
                <Unicode></Unicode>
            </TextEquiv>
        </TextRegion>
        <TextRegion id="r_11" custom="readingOrder {index:1;}">
            <Coords points="1282,347 2345,347 2345,3042 1282,3042"/>
            <TextLine id="r_11_tl_1" custom="readingOrder {index:0;}">
                <Coords points="1291,418 1575,430 1653,386 1789,424 2312,424 2312,374 2133,347 1545,370 1399,328 1291,374"/>
                <Baseline points="1298,406 1343,400 1388,400 1433,400 1477,397 1522,400 1567,400 1612,403 1656,403 1701,403 1746,403 1791,403 1836,403 1880,403 1925,403 1970,400 2015,400 2060,400 2104,400 2149,403 2194,406 2239,409 2283,412 2313,412"/>
                <Word id="r_11_tl_1_w1" custom="readingOrder {index:0;}">
                    <Coords points="1293,363 1293,423 1340,423 1340,363"/>
                    <TextEquiv>
                        <Unicode>gel</Unicode>
                    </TextEquiv>
                </Word>
                <Word id="r_11_tl_1_w2" custom="readingOrder {index:1;}">
                    <Coords points="1365,360 1365,420 1449,420 1449,360"/>
                    <TextEquiv>
                        <Unicode>stand</Unicode>
                    </TextEquiv>
                </Word>
                <Word id="r_11_tl_1_w3" custom="readingOrder {index:2;}">
                    <Coords points="1480,358 1480,418 1533,418 1533,358"/>
                    <TextEquiv>
                        <Unicode>bey</Unicode>
                    </TextEquiv>
                </Word>
                <Word id="r_11_tl_1_w4" custom="readingOrder {index:3;}">
                    <Coords points="1558,361 1558,421 1624,421 1624,361"/>
                    <TextEquiv>
                        <Unicode>mir</Unicode>
                    </TextEquiv>
                </Word>
                <Word id="r_11_tl_1_w5" custom="readingOrder {index:4;}">
                    <Coords points="1680,363 1680,423 1733,423 1733,363"/>
                    <TextEquiv>
                        <Unicode>der</Unicode>
                    </TextEquiv>
                </Word>
                <Word id="r_11_tl_1_w6" custom="readingOrder {index:5;}">
                    <Coords points="1758,363 1758,423 1824,423 1824,363"/>
                    <TextEquiv>
                        <Unicode>mir</Unicode>
                    </TextEquiv>
                </Word>
                <Word id="r_11_tl_1_w7" custom="readingOrder {index:6;}">
                    <Coords points="1849,363 1849,423 1963,423 1963,363"/>
                    <TextEquiv>
                        <Unicode>sagte:</Unicode>
                    </TextEquiv>
                </Word>
                <Word id="r_11_tl_1_w8" custom="readingOrder {index:7;}">
                    <Coords points="1995,360 1995,420 2036,420 2036,360"/>
                    <TextEquiv>
                        <Unicode>ich</Unicode>
                    </TextEquiv>
                </Word>
                <Word id="r_11_tl_1_w9" custom="readingOrder {index:8;}">
                    <Coords points="2073,360 2073,420 2121,420 2121,360"/>
                    <TextEquiv>
                        <Unicode>bin</Unicode>
                    </TextEquiv>
                </Word>
                <Word id="r_11_tl_1_w10" custom="readingOrder {index:9;}">
                    <Coords points="2158,368 2158,428 2308,428 2308,368"/>
                    <TextEquiv>
                        <Unicode>gesendet</Unicode>
                    </TextEquiv>
                </Word>
                <TextEquiv>
                    <Unicode>gel stand bey mir der mir sagte: ich bin gesendet</Unicode>
                </TextEquiv>
            </TextLine>
            <TextLine id="r_11_tl_2" custom="readingOrder {index:1;}">
                <Coords points="1288,457 2310,470 2310,424 1773,424 1650,384 1575,430 1288,416"/>
                <Baseline points="1295,450 1340,447 1385,447 1430,447 1474,447 1519,450 1564,447 1609,450 1653,450 1698,450 1743,453 1788,453 1833,453 1877,453 1922,453 1967,450 2012,450 2057,447 2101,447 2146,450 2191,453 2236,456 2280,459 2313,459"/>
                <Word id="r_11_tl_2_w1" custom="readingOrder {index:0;}">
                    <Coords points="1295,408 1295,468 1353,468 1353,408"/>
                    <TextEquiv>
                        <Unicode>dich</Unicode>
                    </TextEquiv>
                </Word>
                <Word id="r_11_tl_2_w2" custom="readingOrder {index:1;}">
                    <Coords points="1378,407 1378,467 1406,467 1406,407"/>
                    <TextEquiv>
                        <Unicode>zu</Unicode>
                    </TextEquiv>
                </Word>
                <Word id="r_11_tl_2_w3" custom="readingOrder {index:2;}">
                    <Coords points="1436,409 1436,469 1577,469 1577,409"/>
                    <TextEquiv>
                        <Unicode>führen,</Unicode>
                    </TextEquiv>
                </Word>
                <Word id="r_11_tl_2_w4" custom="readingOrder {index:3;}">
                    <Coords points="1601,410 1601,470 1665,470 1665,410"/>
                    <TextEquiv>
                        <Unicode>und</Unicode>
                    </TextEquiv>
                </Word>
                <Word id="r_11_tl_2_w5" custom="readingOrder {index:4;}">
                    <Coords points="1695,411 1695,471 1736,471 1736,411"/>
                    <TextEquiv>
                        <Unicode>dir</Unicode>
                    </TextEquiv>
                </Word>
                <Word id="r_11_tl_2_w6" custom="readingOrder {index:5;}">
                    <Coords points="1766,413 1766,473 1794,473 1794,413"/>
                    <TextEquiv>
                        <Unicode>zu</Unicode>
                    </TextEquiv>
                </Word>
                <Word id="r_11_tl_2_w7" custom="readingOrder {index:6;}">
                    <Coords points="1830,413 1830,473 1965,473 1965,413"/>
                    <TextEquiv>
                        <Unicode>zeigen,</Unicode>
                    </TextEquiv>
                </Word>
                <Word id="r_11_tl_2_w8" custom="readingOrder {index:7;}">
                    <Coords points="2001,407 2001,467 2112,467 2112,407"/>
                    <TextEquiv>
                        <Unicode>welche</Unicode>
                    </TextEquiv>
                </Word>
                <Word id="r_11_tl_2_w9" custom="readingOrder {index:8;}">
                    <Coords points="2136,414 2136,474 2289,474 2289,414"/>
                    <TextEquiv>
                        <Unicode>Khalifen</Unicode>
                    </TextEquiv>
                </Word>
                <TextEquiv>
                    <Unicode>dich zu führen, und dir zu zeigen, welche Khalifen</Unicode>
                </TextEquiv>
            </TextLine>
            <TextLine id="r_11_tl_3" custom="readingOrder {index:2;}">
                <Coords points="1291,513 2305,520 2305,482 2199,464 1291,457"/>
                <Baseline points="1298,498 1343,498 1388,498 1433,498 1477,495 1522,495 1567,498 1612,498 1656,498 1701,501 1746,501 1791,501 1836,504 1880,501 1925,504 1970,501 2015,501 2060,498 2104,498 2149,498 2194,501 2239,504 2283,507 2307,507"/>
                <Word id="r_11_tl_3_w1" custom="readingOrder {index:0;}">
                    <Coords points="1291,458 1291,518 1350,518 1350,458"/>
                    <TextEquiv>
                        <Unicode>mit</Unicode>
                    </TextEquiv>
                </Word>
                <Word id="r_11_tl_3_w2" custom="readingOrder {index:1;}">
                    <Coords points="1372,458 1372,518 1458,518 1458,458"/>
                    <TextEquiv>
                        <Unicode>ihren</Unicode>
                    </TextEquiv>
                </Word>
                <Word id="r_11_tl_3_w3" custom="readingOrder {index:2;}">
                    <Coords points="1486,456 1486,516 1615,516 1615,456"/>
                    <TextEquiv>
                        <Unicode>Namen</Unicode>
                    </TextEquiv>
                </Word>
                <Word id="r_11_tl_3_w4" custom="readingOrder {index:3;}">
                    <Coords points="1643,458 1643,518 1670,518 1670,458"/>
                    <TextEquiv>
                        <Unicode>im</Unicode>
                    </TextEquiv>
                </Word>
                <Word id="r_11_tl_3_w5" custom="readingOrder {index:4;}">
                    <Coords points="1703,461 1703,521 1886,521 1886,461"/>
                    <TextEquiv>
                        <Unicode>Paradiese</Unicode>
                    </TextEquiv>
                </Word>
                <Word id="r_11_tl_3_w6" custom="readingOrder {index:5;}">
                    <Coords points="1908,460 1908,520 2151,520 2151,460"/>
                    <TextEquiv>
                        <Unicode>eingeschrieben</Unicode>
                    </TextEquiv>
                </Word>
                <Word id="r_11_tl_3_w7" custom="readingOrder {index:6;}">
                    <Coords points="2179,464 2179,524 2302,524 2302,464"/>
                    <TextEquiv>
                        <Unicode>stehen.</Unicode>
                    </TextEquiv>
                </Word>
                <TextEquiv>
                    <Unicode>mit ihren Namen im Paradiese eingeschrieben stehen.</Unicode>
                </TextEquiv>
            </TextLine>
            <TextLine id="r_11_tl_4" custom="readingOrder {index:3;}">
                <Coords points="1303,555 2312,568 2310,518 2271,514 1303,506"/>
                <Baseline points="1310,546 1355,546 1400,546 1444,546 1489,546 1534,546 1579,546 1624,549 1668,549 1713,549 1758,552 1803,549 1848,552 1892,552 1937,552 1982,555 2027,552 2071,552 2116,549 2161,549 2206,552 2251,552 2295,555 2313,558"/>
                <Word id="r_11_tl_4_w1" custom="readingOrder {index:0;}">
                    <Coords points="1298,506 1298,566 1336,566 1336,506"/>
                    <TextEquiv>
                        <Unicode>Er</Unicode>
                    </TextEquiv>
                </Word>
                <Word id="r_11_tl_4_w2" custom="readingOrder {index:1;}">
                    <Coords points="1359,506 1359,566 1470,566 1470,506"/>
                    <TextEquiv>
                        <Unicode>führte</Unicode>
                    </TextEquiv>
                </Word>
                <Word id="r_11_tl_4_w3" custom="readingOrder {index:2;}">
                    <Coords points="1493,506 1493,566 1564,566 1564,506"/>
                    <TextEquiv>
                        <Unicode>mich</Unicode>
                    </TextEquiv>
                </Word>
                <Word id="r_11_tl_4_w4" custom="readingOrder {index:3;}">
                    <Coords points="1592,509 1592,569 1681,569 1681,509"/>
                    <TextEquiv>
                        <Unicode>durch</Unicode>
                    </TextEquiv>
                </Word>
                <Word id="r_11_tl_4_w5" custom="readingOrder {index:4;}">
                    <Coords points="1715,510 1715,570 1759,570 1759,510"/>
                    <TextEquiv>
                        <Unicode>die</Unicode>
                    </TextEquiv>
                </Word>
                <Word id="r_11_tl_4_w6" custom="readingOrder {index:5;}">
                    <Coords points="1781,512 1781,572 1920,572 1920,512"/>
                    <TextEquiv>
                        <Unicode>Pforten</Unicode>
                    </TextEquiv>
                </Word>
                <Word id="r_11_tl_4_w7" custom="readingOrder {index:6;}">
                    <Coords points="1959,513 1959,573 2037,573 2037,513"/>
                    <TextEquiv>
                        <Unicode>aller</Unicode>
                    </TextEquiv>
                </Word>
                <Word id="r_11_tl_4_w8" custom="readingOrder {index:7;}">
                    <Coords points="2060,509 2060,569 2231,569 2231,509"/>
                    <TextEquiv>
                        <Unicode>Himmel,</Unicode>
                    </TextEquiv>
                </Word>
                <Word id="r_11_tl_4_w9" custom="readingOrder {index:8;}">
                    <Coords points="2260,514 2260,574 2303,574 2303,514"/>
                    <TextEquiv>
                        <Unicode>die</Unicode>
                    </TextEquiv>
                </Word>
                <TextEquiv>
                    <Unicode>Er führte mich durch die Pforten aller Himmel, die</Unicode>
                </TextEquiv>
            </TextLine>
            <TextLine id="r_11_tl_5" custom="readingOrder {index:4;}">
                <Coords points="1300,610 2310,616 2310,568 2245,559 1300,559"/>
                <Baseline points="1307,597 1352,597 1397,597 1442,597 1486,597 1531,597 1576,594 1621,600 1665,600 1710,600 1755,600 1800,600 1845,603 1889,603 1934,603 1979,603 2024,603 2068,603 2113,603 2158,600 2203,600 2248,600 2292,603 2313,603"/>
                <Word id="r_11_tl_5_w1" custom="readingOrder {index:0;}">
                    <Coords points="1295,557 1295,617 1405,617 1405,557"/>
                    <TextEquiv>
                        <Unicode>schnell</Unicode>
                    </TextEquiv>
                </Word>
                <Word id="r_11_tl_5_w2" custom="readingOrder {index:1;}">
                    <Coords points="1427,557 1427,617 1485,617 1485,557"/>
                    <TextEquiv>
                        <Unicode>vor</Unicode>
                    </TextEquiv>
                </Word>
                <Word id="r_11_tl_5_w3" custom="readingOrder {index:2;}">
                    <Coords points="1507,556 1507,616 1565,616 1565,556"/>
                    <TextEquiv>
                        <Unicode>uns</Unicode>
                    </TextEquiv>
                </Word>
                <Word id="r_11_tl_5_w4" custom="readingOrder {index:3;}">
                    <Coords points="1592,560 1592,620 1766,620 1766,560"/>
                    <TextEquiv>
                        <Unicode>aufgethan</Unicode>
                    </TextEquiv>
                </Word>
                <Word id="r_11_tl_5_w5" custom="readingOrder {index:4;}">
                    <Coords points="1799,563 1799,623 1963,623 1963,563"/>
                    <TextEquiv>
                        <Unicode>wurden,</Unicode>
                    </TextEquiv>
                </Word>
                <Word id="r_11_tl_5_w6" custom="readingOrder {index:5;}">
                    <Coords points="1995,563 1995,623 2058,623 2058,563"/>
                    <TextEquiv>
                        <Unicode>und</Unicode>
                    </TextEquiv>
                </Word>
                <Word id="r_11_tl_5_w7" custom="readingOrder {index:6;}">
                    <Coords points="2091,562 2091,622 2143,622 2143,562"/>
                    <TextEquiv>
                        <Unicode>als</Unicode>
                    </TextEquiv>
                </Word>
                <Word id="r_11_tl_5_w8" custom="readingOrder {index:7;}">
                    <Coords points="2176,560 2176,620 2223,620 2223,560"/>
                    <TextEquiv>
                        <Unicode>sich</Unicode>
                    </TextEquiv>
                </Word>
                <Word id="r_11_tl_5_w9" custom="readingOrder {index:8;}">
                    <Coords points="2255,562 2255,622 2302,622 2302,562"/>
                    <TextEquiv>
                        <Unicode>die</Unicode>
                    </TextEquiv>
                </Word>
                <TextEquiv>
                    <Unicode>schnell vor uns aufgethan wurden, und als sich die</Unicode>
                </TextEquiv>
            </TextLine>
            <TextLine id="r_11_tl_6" custom="readingOrder {index:5;}">
                <Coords points="1297,660 2313,658 2313,621 2260,610 1297,613"/>
                <Baseline points="1304,653 1331,647 1376,647 1421,644 1465,644 1510,644 1555,644 1600,647 1645,647 1689,647 1734,647 1779,650 1824,650 1868,650 1913,647 1958,650 2003,650 2048,650 2092,653 2137,650 2182,650 2227,650 2271,650 2316,647"/>
                <Word id="r_11_tl_6_w1" custom="readingOrder {index:0;}">
                    <Coords points="1297,607 1297,667 1415,667 1415,607"/>
                    <TextEquiv>
                        <Unicode>Pforte</Unicode>
                    </TextEquiv>
                </Word>
                <Word id="r_11_tl_6_w2" custom="readingOrder {index:1;}">
                    <Coords points="1436,604 1436,664 1487,664 1487,604"/>
                    <TextEquiv>
                        <Unicode>des</Unicode>
                    </TextEquiv>
                </Word>
                <Word id="r_11_tl_6_w3" custom="readingOrder {index:2;}">
                    <Coords points="1524,607 1524,667 1679,667 1679,607"/>
                    <TextEquiv>
                        <Unicode>siebenten</Unicode>
                    </TextEquiv>
                </Word>
                <Word id="r_11_tl_6_w4" custom="readingOrder {index:3;}">
                    <Coords points="1711,610 1711,670 1881,670 1881,610"/>
                    <TextEquiv>
                        <Unicode>Himmels</Unicode>
                    </TextEquiv>
                </Word>
                <Word id="r_11_tl_6_w5" custom="readingOrder {index:4;}">
                    <Coords points="1913,610 1913,670 2047,670 2047,610"/>
                    <TextEquiv>
                        <Unicode>öfnete,</Unicode>
                    </TextEquiv>
                </Word>
                <Word id="r_11_tl_6_w6" custom="readingOrder {index:5;}">
                    <Coords points="2079,611 2079,671 2140,671 2140,611"/>
                    <TextEquiv>
                        <Unicode>und</Unicode>
                    </TextEquiv>
                </Word>
                <Word id="r_11_tl_6_w7" custom="readingOrder {index:6;}">
                    <Coords points="2167,610 2167,670 2207,670 2207,610"/>
                    <TextEquiv>
                        <Unicode>ich</Unicode>
                    </TextEquiv>
                </Word>
                <Word id="r_11_tl_6_w8" custom="readingOrder {index:7;}">
                    <Coords points="2244,609 2244,669 2311,669 2311,609"/>
                    <TextEquiv>
                        <Unicode>ein¬</Unicode>
                    </TextEquiv>
                </Word>
                <TextEquiv>
                    <Unicode>Pforte des siebenten Himmels öfnete, und ich ein¬</Unicode>
                </TextEquiv>
            </TextLine>
            <TextLine id="r_11_tl_7" custom="readingOrder {index:6;}">
                <Coords points="1282,711 2313,714 2313,660 2268,654 1282,666"/>
                <Baseline points="1289,695 1334,695 1379,692 1424,695 1468,692 1513,695 1558,695 1603,695 1648,695 1692,698 1737,698 1782,701 1827,701 1871,698 1916,701 1961,701 2006,701 2051,701 2095,701 2140,698 2185,701 2230,701 2274,701 2316,698"/>
                <Word id="r_11_tl_7_w1" custom="readingOrder {index:0;}">
                    <Coords points="1288,655 1288,715 1369,715 1369,655"/>
                    <TextEquiv>
                        <Unicode>trat,</Unicode>
                    </TextEquiv>
                </Word>
                <Word id="r_11_tl_7_w2" custom="readingOrder {index:1;}">
                    <Coords points="1397,652 1397,712 1510,712 1510,652"/>
                    <TextEquiv>
                        <Unicode>erhielt</Unicode>
                    </TextEquiv>
                </Word>
                <Word id="r_11_tl_7_w3" custom="readingOrder {index:2;}">
                    <Coords points="1532,655 1532,715 1570,715 1570,655"/>
                    <TextEquiv>
                        <Unicode>ich</Unicode>
                    </TextEquiv>
                </Word>
                <Word id="r_11_tl_7_w4" custom="readingOrder {index:3;}">
                    <Coords points="1598,655 1598,715 1652,715 1652,655"/>
                    <TextEquiv>
                        <Unicode>von</Unicode>
                    </TextEquiv>
                </Word>
                <Word id="r_11_tl_7_w5" custom="readingOrder {index:4;}">
                    <Coords points="1685,658 1685,718 1810,718 1810,658"/>
                    <TextEquiv>
                        <Unicode>meinem</Unicode>
                    </TextEquiv>
                </Word>
                <Word id="r_11_tl_7_w6" custom="readingOrder {index:5;}">
                    <Coords points="1848,660 1848,720 1973,720 1973,660"/>
                    <TextEquiv>
                        <Unicode>Führer</Unicode>
                    </TextEquiv>
                </Word>
                <Word id="r_11_tl_7_w7" custom="readingOrder {index:6;}">
                    <Coords points="1996,661 1996,721 2049,721 2049,661"/>
                    <TextEquiv>
                        <Unicode>den</Unicode>
                    </TextEquiv>
                </Word>
                <Word id="r_11_tl_7_w8" custom="readingOrder {index:7;}">
                    <Coords points="2077,658 2077,718 2207,718 2207,658"/>
                    <TextEquiv>
                        <Unicode>Befehl</Unicode>
                    </TextEquiv>
                </Word>
                <Word id="r_11_tl_7_w9" custom="readingOrder {index:8;}">
                    <Coords points="2224,661 2224,721 2299,721 2299,661"/>
                    <TextEquiv>
                        <Unicode>stille</Unicode>
                    </TextEquiv>
                </Word>
                <TextEquiv>
                    <Unicode>trat, erhielt ich von meinem Führer den Befehl stille</Unicode>
                </TextEquiv>
            </TextLine>
            <TextLine id="r_11_tl_8" custom="readingOrder {index:7;}">
                <Coords points="1291,761 2316,772 2316,721 2253,705 2114,735 1291,713"/>
                <Baseline points="1298,749 1343,743 1388,743 1433,743 1477,743 1522,743 1567,746 1612,746 1656,746 1701,746 1746,749 1791,749 1836,752 1880,752 1925,752 1970,752 2015,752 2060,752 2104,752 2149,755 2194,755 2239,755 2283,755 2319,752"/>
                <Word id="r_11_tl_8_w1" custom="readingOrder {index:0;}">
                    <Coords points="1292,707 1292,767 1324,767 1324,707"/>
                    <TextEquiv>
                        <Unicode>zu</Unicode>
                    </TextEquiv>
                </Word>
                <Word id="r_11_tl_8_w2" custom="readingOrder {index:1;}">
                    <Coords points="1352,703 1352,763 1473,763 1473,703"/>
                    <TextEquiv>
                        <Unicode>stehen.</Unicode>
                    </TextEquiv>
                </Word>
                <Word id="r_11_tl_8_w3" custom="readingOrder {index:2;}">
                    <Coords points="1523,706 1523,766 1688,766 1688,706"/>
                    <TextEquiv>
                        <Unicode>Schaue,</Unicode>
                    </TextEquiv>
                </Word>
                <Word id="r_11_tl_8_w4" custom="readingOrder {index:3;}">
                    <Coords points="1711,709 1711,769 1782,769 1782,709"/>
                    <TextEquiv>
                        <Unicode>was</Unicode>
                    </TextEquiv>
                </Word>
                <Word id="r_11_tl_8_w5" custom="readingOrder {index:4;}">
                    <Coords points="1806,711 1806,771 1838,771 1838,711"/>
                    <TextEquiv>
                        <Unicode>du</Unicode>
                    </TextEquiv>
                </Word>
                <Word id="r_11_tl_8_w6" custom="readingOrder {index:5;}">
                    <Coords points="1872,712 1872,772 1954,772 1954,712"/>
                    <TextEquiv>
                        <Unicode>sehen</Unicode>
                    </TextEquiv>
                </Word>
                <Word id="r_11_tl_8_w7" custom="readingOrder {index:6;}">
                    <Coords points="1982,712 1982,772 2098,772 2098,712"/>
                    <TextEquiv>
                        <Unicode>wirst,</Unicode>
                    </TextEquiv>
                </Word>
                <Word id="r_11_tl_8_w8" custom="readingOrder {index:7;}">
                    <Coords points="2121,715 2121,775 2181,775 2181,715"/>
                    <TextEquiv>
                        <Unicode>und</Unicode>
                    </TextEquiv>
                </Word>
                <Word id="r_11_tl_8_w9" custom="readingOrder {index:8;}">
                    <Coords points="2209,715 2209,775 2302,775 2302,715"/>
                    <TextEquiv>
                        <Unicode>höre,</Unicode>
                    </TextEquiv>
                </Word>
                <TextEquiv>
                    <Unicode>zu stehen. Schaue, was du sehen wirst, und höre,</Unicode>
                </TextEquiv>
            </TextLine>
            <TextLine id="r_11_tl_9" custom="readingOrder {index:8;}">
                <Coords points="1289,811 1378,803 1456,834 1532,806 1856,820 1854,762 1288,761"/>
                <Baseline points="1295,791 1340,794 1385,791 1430,791 1474,794 1519,794 1564,794 1609,797 1653,797 1698,797 1743,797 1788,797 1833,800 1859,800"/>
                <Word id="r_11_tl_9_w1" custom="readingOrder {index:0;}">
                    <Coords points="1293,753 1293,813 1363,813 1363,753"/>
                    <TextEquiv>
                        <Unicode>was</Unicode>
                    </TextEquiv>
                </Word>
                <Word id="r_11_tl_9_w2" custom="readingOrder {index:1;}">
                    <Coords points="1389,751 1389,811 1469,811 1469,751"/>
                    <TextEquiv>
                        <Unicode>wird</Unicode>
                    </TextEquiv>
                </Word>
                <Word id="r_11_tl_9_w3" custom="readingOrder {index:2;}">
                    <Coords points="1490,755 1490,815 1672,815 1672,755"/>
                    <TextEquiv>
                        <Unicode>gesprochen</Unicode>
                    </TextEquiv>
                </Word>
                <Word id="r_11_tl_9_w4" custom="readingOrder {index:3;}">
                    <Coords points="1703,757 1703,817 1849,817 1849,757"/>
                    <TextEquiv>
                        <Unicode>werden.</Unicode>
                    </TextEquiv>
                </Word>
                <TextEquiv>
                    <Unicode>was wird gesprochen werden.</Unicode>
                </TextEquiv>
            </TextLine>
            <TextLine id="r_11_tl_10" custom="readingOrder {index:9;}">
                <Coords points="1354,903 2304,912 2304,860 2110,833 1852,860 1354,829"/>
                <Baseline points="1361,888 1409,892 1453,889 1498,889 1543,892 1588,892 1633,892 1677,892 1722,892 1767,895 1812,895 1857,898 1901,895 1946,898 1991,898 2036,898 2080,898 2125,898 2170,898 2215,898 2260,898 2304,898 2307,898"/>
                <Word id="r_11_tl_10_w1" custom="readingOrder {index:0;}">
                    <Coords points="1356,849 1356,909 1410,909 1410,849"/>
                    <TextEquiv>
                        <Unicode>Ich</Unicode>
                    </TextEquiv>
                </Word>
                <Word id="r_11_tl_10_w2" custom="readingOrder {index:1;}">
                    <Coords points="1436,849 1436,909 1508,909 1508,849"/>
                    <TextEquiv>
                        <Unicode>sahe</Unicode>
                    </TextEquiv>
                </Word>
                <Word id="r_11_tl_10_w3" custom="readingOrder {index:2;}">
                    <Coords points="1534,852 1534,912 1582,912 1582,852"/>
                    <TextEquiv>
                        <Unicode>den</Unicode>
                    </TextEquiv>
                </Word>
                <Word id="r_11_tl_10_w4" custom="readingOrder {index:3;}">
                    <Coords points="1613,852 1613,912 1723,912 1723,852"/>
                    <TextEquiv>
                        <Unicode>Thron</Unicode>
                    </TextEquiv>
                </Word>
                <Word id="r_11_tl_10_w5" custom="readingOrder {index:4;}">
                    <Coords points="1748,856 1748,916 1907,916 1907,856"/>
                    <TextEquiv>
                        <Unicode>GOttes,</Unicode>
                    </TextEquiv>
                </Word>
                <Word id="r_11_tl_10_w6" custom="readingOrder {index:5;}">
                    <Coords points="1932,858 1932,918 1993,918 1993,858"/>
                    <TextEquiv>
                        <Unicode>und</Unicode>
                    </TextEquiv>
                </Word>
                <Word id="r_11_tl_10_w7" custom="readingOrder {index:6;}">
                    <Coords points="2018,858 2018,918 2110,918 2110,858"/>
                    <TextEquiv>
                        <Unicode>hörte</Unicode>
                    </TextEquiv>
                </Word>
                <Word id="r_11_tl_10_w8" custom="readingOrder {index:7;}">
                    <Coords points="2135,858 2135,918 2306,918 2306,858"/>
                    <TextEquiv>
                        <Unicode>siebenzig¬</Unicode>
                    </TextEquiv>
                </Word>
                <TextEquiv>
                    <Unicode>Ich sahe den Thron GOttes, und hörte siebenzig¬</Unicode>
                </TextEquiv>
            </TextLine>
            <TextLine id="r_11_tl_11" custom="readingOrder {index:10;}">
                <Coords points="1294,952 2308,955 2308,911 2163,900 2044,929 1742,896 1294,912"/>
                <Baseline points="1301,940 1346,940 1391,940 1436,940 1480,940 1525,943 1570,943 1615,943 1659,943 1704,940 1749,940 1794,940 1839,946 1883,946 1928,946 1973,946 2018,949 2063,949 2107,946 2152,946 2197,946 2242,949 2286,949 2310,946"/>
                <Word id="r_11_tl_11_w1" custom="readingOrder {index:0;}">
                    <Coords points="1289,900 1289,960 1419,960 1419,900"/>
                    <TextEquiv>
                        <Unicode>tausend</Unicode>
                    </TextEquiv>
                </Word>
                <Word id="r_11_tl_11_w2" custom="readingOrder {index:1;}">
                    <Coords points="1442,901 1442,961 1550,961 1550,901"/>
                    <TextEquiv>
                        <Unicode>Engel</Unicode>
                    </TextEquiv>
                </Word>
                <Word id="r_11_tl_11_w3" custom="readingOrder {index:2;}">
                    <Coords points="1567,903 1567,963 1687,963 1687,903"/>
                    <TextEquiv>
                        <Unicode>rufen:</Unicode>
                    </TextEquiv>
                </Word>
                <Word id="r_11_tl_11_w4" custom="readingOrder {index:3;}">
                    <Coords points="1715,900 1715,960 1819,960 1819,900"/>
                    <TextEquiv>
                        <Unicode>GOtt</Unicode>
                    </TextEquiv>
                </Word>
                <Word id="r_11_tl_11_w5" custom="readingOrder {index:4;}">
                    <Coords points="1841,906 1841,966 1879,966 1879,906"/>
                    <TextEquiv>
                        <Unicode>ist</Unicode>
                    </TextEquiv>
                </Word>
                <Word id="r_11_tl_11_w6" custom="readingOrder {index:5;}">
                    <Coords points="1896,906 1896,966 2038,966 2038,906"/>
                    <TextEquiv>
                        <Unicode>gerecht,</Unicode>
                    </TextEquiv>
                </Word>
                <Word id="r_11_tl_11_w7" custom="readingOrder {index:6;}">
                    <Coords points="2055,907 2055,967 2125,967 2125,907"/>
                    <TextEquiv>
                        <Unicode>aber</Unicode>
                    </TextEquiv>
                </Word>
                <Word id="r_11_tl_11_w8" custom="readingOrder {index:7;}">
                    <Coords points="2147,906 2147,966 2185,966 2185,906"/>
                    <TextEquiv>
                        <Unicode>ich</Unicode>
                    </TextEquiv>
                </Word>
                <Word id="r_11_tl_11_w9" custom="readingOrder {index:8;}">
                    <Coords points="2213,909 2213,969 2311,969 2311,909"/>
                    <TextEquiv>
                        <Unicode>konn=</Unicode>
                    </TextEquiv>
                </Word>
                <TextEquiv>
                    <Unicode>tausend Engel rufen: GOtt ist gerecht, aber ich konn=</Unicode>
                </TextEquiv>
            </TextLine>
            <TextLine id="r_11_tl_12" custom="readingOrder {index:11;}">
                <Coords points="1297,997 2298,1014 2285,953 1297,952"/>
                <Baseline points="1304,991 1349,991 1394,991 1439,991 1483,991 1528,991 1573,991 1618,991 1662,991 1707,991 1752,994 1797,994 1842,994 1886,994 1931,991 1976,994 2021,997 2065,997 2110,997 2155,997 2200,997 2245,1000 2289,1000 2301,997"/>
                <Word id="r_11_tl_12_w1" custom="readingOrder {index:0;}">
                    <Coords points="1297,951 1297,1011 1318,1011 1318,951"/>
                    <TextEquiv>
                        <Unicode>te</Unicode>
                    </TextEquiv>
                </Word>
                <Word id="r_11_tl_12_w2" custom="readingOrder {index:1;}">
                    <Coords points="1345,951 1345,1011 1434,1011 1434,951"/>
                    <TextEquiv>
                        <Unicode>nicht</Unicode>
                    </TextEquiv>
                </Word>
                <Word id="r_11_tl_12_w3" custom="readingOrder {index:2;}">
                    <Coords points="1456,951 1456,1011 1508,1011 1508,951"/>
                    <TextEquiv>
                        <Unicode>den</Unicode>
                    </TextEquiv>
                </Word>
                <Word id="r_11_tl_12_w4" custom="readingOrder {index:3;}">
                    <Coords points="1546,951 1546,1011 1661,1011 1661,951"/>
                    <TextEquiv>
                        <Unicode>Glanz</Unicode>
                    </TextEquiv>
                </Word>
                <Word id="r_11_tl_12_w5" custom="readingOrder {index:4;}">
                    <Coords points="1689,951 1689,1011 1725,1011 1725,951"/>
                    <TextEquiv>
                        <Unicode>um</Unicode>
                    </TextEquiv>
                </Word>
                <Word id="r_11_tl_12_w6" custom="readingOrder {index:5;}">
                    <Coords points="1773,954 1773,1014 1825,1014 1825,954"/>
                    <TextEquiv>
                        <Unicode>den</Unicode>
                    </TextEquiv>
                </Word>
                <Word id="r_11_tl_12_w7" custom="readingOrder {index:6;}">
                    <Coords points="1863,951 1863,1011 1974,1011 1974,951"/>
                    <TextEquiv>
                        <Unicode>Thron</Unicode>
                    </TextEquiv>
                </Word>
                <Word id="r_11_tl_12_w8" custom="readingOrder {index:7;}">
                    <Coords points="2011,957 2011,1017 2180,1017 2180,957"/>
                    <TextEquiv>
                        <Unicode>ertragen.</Unicode>
                    </TextEquiv>
                </Word>
                <Word id="r_11_tl_12_w9" custom="readingOrder {index:8;}">
                    <Coords points="2228,960 2228,1020 2291,1020 2291,960"/>
                    <TextEquiv>
                        <Unicode>Ich</Unicode>
                    </TextEquiv>
                </Word>
                <TextEquiv>
                    <Unicode>te nicht den Glanz um den Thron ertragen. Ich</Unicode>
                </TextEquiv>
            </TextLine>
            <TextLine id="r_11_tl_13" custom="readingOrder {index:12;}">
                <Coords points="1300,1051 2310,1051 2310,1010 2218,1004 1300,1000"/>
                <Baseline points="1307,1038 1352,1035 1397,1038 1442,1038 1486,1038 1531,1035 1576,1038 1621,1035 1665,1035 1710,1035 1755,1035 1800,1035 1845,1035 1889,1035 1934,1038 1979,1044 2024,1044 2068,1044 2113,1047 2158,1044 2203,1044 2248,1044 2292,1047 2313,1044"/>
                <Word id="r_11_tl_13_w1" custom="readingOrder {index:0;}">
                    <Coords points="1300,996 1300,1056 1438,1056 1438,996"/>
                    <TextEquiv>
                        <Unicode>schauete</Unicode>
                    </TextEquiv>
                </Word>
                <Word id="r_11_tl_13_w2" custom="readingOrder {index:1;}">
                    <Coords points="1460,996 1460,1056 1646,1056 1646,996"/>
                    <TextEquiv>
                        <Unicode>seitwerts,</Unicode>
                    </TextEquiv>
                </Word>
                <Word id="r_11_tl_13_w3" custom="readingOrder {index:2;}">
                    <Coords points="1672,995 1672,1055 1729,1055 1729,995"/>
                    <TextEquiv>
                        <Unicode>und</Unicode>
                    </TextEquiv>
                </Word>
                <Word id="r_11_tl_13_w4" custom="readingOrder {index:3;}">
                    <Coords points="1760,995 1760,1055 1827,1055 1827,995"/>
                    <TextEquiv>
                        <Unicode>sahe</Unicode>
                    </TextEquiv>
                </Word>
                <Word id="r_11_tl_13_w5" custom="readingOrder {index:4;}">
                    <Coords points="1853,995 1853,1055 1894,1055 1894,995"/>
                    <TextEquiv>
                        <Unicode>die</Unicode>
                    </TextEquiv>
                </Word>
                <Word id="r_11_tl_13_w6" custom="readingOrder {index:5;}">
                    <Coords points="1921,1004 1921,1064 2044,1064 2044,1004"/>
                    <TextEquiv>
                        <Unicode>Gärten</Unicode>
                    </TextEquiv>
                </Word>
                <Word id="r_11_tl_13_w7" custom="readingOrder {index:6;}">
                    <Coords points="2076,1006 2076,1066 2127,1066 2127,1006"/>
                    <TextEquiv>
                        <Unicode>des</Unicode>
                    </TextEquiv>
                </Word>
                <Word id="r_11_tl_13_w8" custom="readingOrder {index:7;}">
                    <Coords points="2149,1004 2149,1064 2308,1064 2308,1004"/>
                    <TextEquiv>
                        <Unicode>Paradie¬</Unicode>
                    </TextEquiv>
                </Word>
                <TextEquiv>
                    <Unicode>schauete seitwerts, und sahe die Gärten des Paradie¬</Unicode>
                </TextEquiv>
            </TextLine>
            <TextLine id="r_11_tl_14" custom="readingOrder {index:13;}">
                <Coords points="1306,1100 2296,1113 2304,1055 2015,1082 1871,1043 1304,1051"/>
                <Baseline points="1313,1089 1358,1086 1403,1083 1447,1083 1492,1086 1537,1086 1582,1083 1627,1083 1671,1083 1716,1083 1761,1080 1806,1083 1851,1083 1895,1086 1940,1086 1985,1089 2030,1092 2074,1092 2119,1092 2164,1095 2209,1095 2254,1095 2298,1095 2307,1098"/>
                <Word id="r_11_tl_14_w1" custom="readingOrder {index:0;}">
                    <Coords points="1299,1047 1299,1107 1370,1107 1370,1047"/>
                    <TextEquiv>
                        <Unicode>ses,</Unicode>
                    </TextEquiv>
                </Word>
                <Word id="r_11_tl_14_w2" custom="readingOrder {index:1;}">
                    <Coords points="1404,1043 1404,1103 1453,1103 1453,1043"/>
                    <TextEquiv>
                        <Unicode>die</Unicode>
                    </TextEquiv>
                </Word>
                <Word id="r_11_tl_14_w3" custom="readingOrder {index:2;}">
                    <Coords points="1481,1045 1481,1105 1597,1105 1597,1045"/>
                    <TextEquiv>
                        <Unicode>immer</Unicode>
                    </TextEquiv>
                </Word>
                <Word id="r_11_tl_14_w4" custom="readingOrder {index:3;}">
                    <Coords points="1631,1042 1631,1102 1808,1102 1808,1042"/>
                    <TextEquiv>
                        <Unicode>blühenden</Unicode>
                    </TextEquiv>
                </Word>
                <Word id="r_11_tl_14_w5" custom="readingOrder {index:4;}">
                    <Coords points="1842,1046 1842,1106 2002,1106 2002,1046"/>
                    <TextEquiv>
                        <Unicode>Gefilde,</Unicode>
                    </TextEquiv>
                </Word>
                <Word id="r_11_tl_14_w6" custom="readingOrder {index:5;}">
                    <Coords points="2030,1054 2030,1114 2296,1114 2296,1054"/>
                    <TextEquiv>
                        <Unicode>unbeschreiblich</Unicode>
                    </TextEquiv>
                </Word>
                <TextEquiv>
                    <Unicode>ses, die immer blühenden Gefilde, unbeschreiblich</Unicode>
                </TextEquiv>
            </TextLine>
            <TextLine id="r_11_tl_15" custom="readingOrder {index:14;}">
                <Coords points="1312,1144 2310,1151 2309,1115 2246,1101 1312,1095"/>
                <Baseline points="1319,1128 1364,1131 1409,1131 1453,1131 1498,1131 1543,1131 1588,1131 1633,1131 1677,1131 1722,1131 1767,1131 1812,1131 1857,1131 1901,1131 1946,1131 1991,1131 2036,1134 2080,1134 2125,1137 2170,1137 2215,1140 2260,1140 2304,1143 2313,1143"/>
                <Word id="r_11_tl_15_w1" custom="readingOrder {index:0;}">
                    <Coords points="1307,1090 1307,1150 1417,1150 1417,1090"/>
                    <TextEquiv>
                        <Unicode>schön,</Unicode>
                    </TextEquiv>
                </Word>
                <Word id="r_11_tl_15_w2" custom="readingOrder {index:1;}">
                    <Coords points="1444,1091 1444,1151 1502,1151 1502,1091"/>
                    <TextEquiv>
                        <Unicode>und</Unicode>
                    </TextEquiv>
                </Word>
                <Word id="r_11_tl_15_w3" custom="readingOrder {index:2;}">
                    <Coords points="1540,1091 1540,1151 1592,1151 1592,1091"/>
                    <TextEquiv>
                        <Unicode>der</Unicode>
                    </TextEquiv>
                </Word>
                <Word id="r_11_tl_15_w4" custom="readingOrder {index:3;}">
                    <Coords points="1614,1091 1614,1151 1772,1151 1772,1091"/>
                    <TextEquiv>
                        <Unicode>Prophet</Unicode>
                    </TextEquiv>
                </Word>
                <Word id="r_11_tl_15_w5" custom="readingOrder {index:4;}">
                    <Coords points="1794,1091 1794,1151 1958,1151 1958,1091"/>
                    <TextEquiv>
                        <Unicode>wandelte</Unicode>
                    </TextEquiv>
                </Word>
                <Word id="r_11_tl_15_w6" custom="readingOrder {index:5;}">
                    <Coords points="1985,1091 1985,1151 2011,1151 2011,1091"/>
                    <TextEquiv>
                        <Unicode>im</Unicode>
                    </TextEquiv>
                </Word>
                <Word id="r_11_tl_15_w7" custom="readingOrder {index:6;}">
                    <Coords points="2054,1096 2054,1156 2170,1156 2170,1096"/>
                    <TextEquiv>
                        <Unicode>Genuß</Unicode>
                    </TextEquiv>
                </Word>
                <Word id="r_11_tl_15_w8" custom="readingOrder {index:7;}">
                    <Coords points="2208,1100 2208,1160 2302,1160 2302,1100"/>
                    <TextEquiv>
                        <Unicode>dieser</Unicode>
                    </TextEquiv>
                </Word>
                <TextEquiv>
                    <Unicode>schön, und der Prophet wandelte im Genuß dieser</Unicode>
                </TextEquiv>
            </TextLine>
            <TextLine id="r_11_tl_16" custom="readingOrder {index:15;}">
                <Coords points="1303,1189 2310,1198 2310,1162 2197,1139 1303,1151"/>
                <Baseline points="1310,1179 1355,1179 1400,1179 1444,1179 1489,1179 1534,1176 1579,1179 1624,1176 1668,1179 1713,1179 1758,1179 1803,1179 1848,1179 1892,1179 1937,1182 1982,1182 2027,1182 2071,1179 2116,1182 2161,1185 2206,1185 2251,1185 2295,1188 2313,1185"/>
                <Word id="r_11_tl_16_w1" custom="readingOrder {index:0;}">
                    <Coords points="1303,1139 1303,1199 1525,1199 1525,1139"/>
                    <TextEquiv>
                        <Unicode>Seligkeiten,</Unicode>
                    </TextEquiv>
                </Word>
                <Word id="r_11_tl_16_w2" custom="readingOrder {index:1;}">
                    <Coords points="1552,1138 1552,1198 1603,1198 1603,1138"/>
                    <TextEquiv>
                        <Unicode>bey</Unicode>
                    </TextEquiv>
                </Word>
                <Word id="r_11_tl_16_w3" custom="readingOrder {index:2;}">
                    <Coords points="1634,1138 1634,1198 1680,1198 1680,1138"/>
                    <TextEquiv>
                        <Unicode>ihm</Unicode>
                    </TextEquiv>
                </Word>
                <Word id="r_11_tl_16_w4" custom="readingOrder {index:3;}">
                    <Coords points="1722,1139 1722,1199 1899,1199 1899,1139"/>
                    <TextEquiv>
                        <Unicode>wandelten</Unicode>
                    </TextEquiv>
                </Word>
                <Word id="r_11_tl_16_w5" custom="readingOrder {index:4;}">
                    <Coords points="1930,1142 1930,1202 1976,1202 1976,1142"/>
                    <TextEquiv>
                        <Unicode>die</Unicode>
                    </TextEquiv>
                </Word>
                <Word id="r_11_tl_16_w6" custom="readingOrder {index:5;}">
                    <Coords points="1998,1141 1998,1201 2064,1201 2064,1141"/>
                    <TextEquiv>
                        <Unicode>nach</Unicode>
                    </TextEquiv>
                </Word>
                <Word id="r_11_tl_16_w7" custom="readingOrder {index:6;}">
                    <Coords points="2096,1142 2096,1202 2142,1202 2142,1142"/>
                    <TextEquiv>
                        <Unicode>ihm</Unicode>
                    </TextEquiv>
                </Word>
                <Word id="r_11_tl_16_w8" custom="readingOrder {index:7;}">
                    <Coords points="2184,1145 2184,1205 2308,1205 2308,1145"/>
                    <TextEquiv>
                        <Unicode>folgen¬</Unicode>
                    </TextEquiv>
                </Word>
                <TextEquiv>
                    <Unicode>Seligkeiten, bey ihm wandelten die nach ihm folgen¬</Unicode>
                </TextEquiv>
            </TextLine>
            <TextLine id="r_11_tl_17" custom="readingOrder {index:16;}">
                <Coords points="1302,1232 2264,1258 2307,1244 2305,1199 1300,1191"/>
                <Baseline points="1307,1227 1352,1227 1397,1227 1442,1227 1486,1227 1531,1227 1576,1227 1621,1227 1665,1230 1710,1233 1755,1233 1800,1230 1845,1230 1889,1233 1934,1230 1979,1233 2024,1233 2068,1236 2113,1236 2158,1236 2203,1233 2248,1236 2292,1238 2310,1238"/>
                <Word id="r_11_tl_17_w1" custom="readingOrder {index:0;}">
                    <Coords points="1301,1187 1301,1247 1355,1247 1355,1187"/>
                    <TextEquiv>
                        <Unicode>den</Unicode>
                    </TextEquiv>
                </Word>
                <Word id="r_11_tl_17_w2" custom="readingOrder {index:1;}">
                    <Coords points="1383,1187 1383,1247 1599,1247 1599,1187"/>
                    <TextEquiv>
                        <Unicode>Beherrscher</Unicode>
                    </TextEquiv>
                </Word>
                <Word id="r_11_tl_17_w3" custom="readingOrder {index:2;}">
                    <Coords points="1627,1189 1627,1249 1677,1249 1677,1189"/>
                    <TextEquiv>
                        <Unicode>der</Unicode>
                    </TextEquiv>
                </Word>
                <Word id="r_11_tl_17_w4" custom="readingOrder {index:3;}">
                    <Coords points="1700,1190 1700,1250 1921,1250 1921,1190"/>
                    <TextEquiv>
                        <Unicode>Gläubigen,</Unicode>
                    </TextEquiv>
                </Word>
                <Word id="r_11_tl_17_w5" custom="readingOrder {index:4;}">
                    <Coords points="1950,1192 1950,1252 1983,1252 1983,1192"/>
                    <TextEquiv>
                        <Unicode>sie</Unicode>
                    </TextEquiv>
                </Word>
                <Word id="r_11_tl_17_w6" custom="readingOrder {index:5;}">
                    <Coords points="2005,1195 2005,1255 2115,1255 2115,1195"/>
                    <TextEquiv>
                        <Unicode>gingen</Unicode>
                    </TextEquiv>
                </Word>
                <Word id="r_11_tl_17_w7" custom="readingOrder {index:6;}">
                    <Coords points="2144,1195 2144,1255 2177,1255 2177,1195"/>
                    <TextEquiv>
                        <Unicode>zu</Unicode>
                    </TextEquiv>
                </Word>
                <Word id="r_11_tl_17_w8" custom="readingOrder {index:7;}">
                    <Coords points="2205,1196 2205,1256 2304,1256 2304,1196"/>
                    <TextEquiv>
                        <Unicode>seiner</Unicode>
                    </TextEquiv>
                </Word>
                <TextEquiv>
                    <Unicode>den Beherrscher der Gläubigen, sie gingen zu seiner</Unicode>
                </TextEquiv>
            </TextLine>
            <TextLine id="r_11_tl_18" custom="readingOrder {index:17;}">
                <Coords points="1294,1286 2308,1300 2295,1246 1294,1236"/>
                <Baseline points="1301,1277 1346,1277 1391,1277 1436,1277 1480,1277 1525,1280 1570,1280 1615,1280 1659,1280 1704,1277 1749,1280 1794,1280 1839,1283 1883,1283 1928,1286 1973,1286 2018,1283 2063,1286 2107,1286 2152,1286 2197,1286 2242,1286 2286,1289 2310,1289"/>
                <Word id="r_11_tl_18_w1" custom="readingOrder {index:0;}">
                    <Coords points="1300,1237 1300,1297 1434,1297 1434,1237"/>
                    <TextEquiv>
                        <Unicode>Rechten</Unicode>
                    </TextEquiv>
                </Word>
                <Word id="r_11_tl_18_w2" custom="readingOrder {index:1;}">
                    <Coords points="1468,1238 1468,1298 1526,1298 1526,1238"/>
                    <TextEquiv>
                        <Unicode>und</Unicode>
                    </TextEquiv>
                </Word>
                <Word id="r_11_tl_18_w3" custom="readingOrder {index:2;}">
                    <Coords points="1549,1240 1549,1300 1683,1300 1683,1240"/>
                    <TextEquiv>
                        <Unicode>Linken.</Unicode>
                    </TextEquiv>
                </Word>
                <Word id="r_11_tl_18_w4" custom="readingOrder {index:3;}">
                    <Coords points="1733,1240 1733,1300 1803,1300 1803,1240"/>
                    <TextEquiv>
                        <Unicode>Und</Unicode>
                    </TextEquiv>
                </Word>
                <Word id="r_11_tl_18_w5" custom="readingOrder {index:4;}">
                    <Coords points="1836,1243 1836,1303 1878,1303 1878,1243"/>
                    <TextEquiv>
                        <Unicode>ein</Unicode>
                    </TextEquiv>
                </Word>
                <Word id="r_11_tl_18_w6" custom="readingOrder {index:5;}">
                    <Coords points="1906,1246 1906,1306 2014,1306 2014,1246"/>
                    <TextEquiv>
                        <Unicode>Engel</Unicode>
                    </TextEquiv>
                </Word>
                <Word id="r_11_tl_18_w7" custom="readingOrder {index:6;}">
                    <Coords points="2036,1246 2036,1306 2100,1306 2100,1246"/>
                    <TextEquiv>
                        <Unicode>trat</Unicode>
                    </TextEquiv>
                </Word>
                <Word id="r_11_tl_18_w8" custom="readingOrder {index:7;}">
                    <Coords points="2128,1246 2128,1306 2214,1306 2214,1246"/>
                    <TextEquiv>
                        <Unicode>hin,</Unicode>
                    </TextEquiv>
                </Word>
                <Word id="r_11_tl_18_w9" custom="readingOrder {index:8;}">
                    <Coords points="2236,1247 2236,1307 2295,1307 2295,1247"/>
                    <TextEquiv>
                        <Unicode>und</Unicode>
                    </TextEquiv>
                </Word>
                <TextEquiv>
                    <Unicode>Rechten und Linken. Und ein Engel trat hin, und</Unicode>
                </TextEquiv>
            </TextLine>
            <TextLine id="r_11_tl_19" custom="readingOrder {index:18;}">
                <Coords points="1306,1338 2310,1351 2262,1295 1306,1294"/>
                <Baseline points="1313,1328 1358,1328 1403,1331 1447,1331 1492,1331 1537,1331 1582,1331 1627,1331 1671,1331 1716,1331 1761,1331 1806,1331 1851,1334 1895,1334 1940,1334 1985,1334 2030,1337 2074,1337 2119,1337 2164,1334 2209,1337 2254,1337 2298,1337 2313,1334"/>
                <Word id="r_11_tl_19_w1" custom="readingOrder {index:0;}">
                    <Coords points="1306,1288 1306,1348 1406,1348 1406,1288"/>
                    <TextEquiv>
                        <Unicode>verlas</Unicode>
                    </TextEquiv>
                </Word>
                <Word id="r_11_tl_19_w2" custom="readingOrder {index:1;}">
                    <Coords points="1437,1291 1437,1351 1497,1351 1497,1291"/>
                    <TextEquiv>
                        <Unicode>mit</Unicode>
                    </TextEquiv>
                </Word>
                <Word id="r_11_tl_19_w3" custom="readingOrder {index:2;}">
                    <Coords points="1518,1291 1518,1351 1624,1351 1624,1291"/>
                    <TextEquiv>
                        <Unicode>lauter</Unicode>
                    </TextEquiv>
                </Word>
                <Word id="r_11_tl_19_w4" custom="readingOrder {index:3;}">
                    <Coords points="1645,1291 1645,1351 1802,1351 1802,1291"/>
                    <TextEquiv>
                        <Unicode>Stimme</Unicode>
                    </TextEquiv>
                </Word>
                <Word id="r_11_tl_19_w5" custom="readingOrder {index:4;}">
                    <Coords points="1832,1294 1832,1354 1877,1354 1877,1294"/>
                    <TextEquiv>
                        <Unicode>die</Unicode>
                    </TextEquiv>
                </Word>
                <Word id="r_11_tl_19_w6" custom="readingOrder {index:5;}">
                    <Coords points="1899,1294 1899,1354 2030,1354 2030,1294"/>
                    <TextEquiv>
                        <Unicode>Namen</Unicode>
                    </TextEquiv>
                </Word>
                <Word id="r_11_tl_19_w7" custom="readingOrder {index:6;}">
                    <Coords points="2066,1297 2066,1357 2141,1357 2141,1297"/>
                    <TextEquiv>
                        <Unicode>aller</Unicode>
                    </TextEquiv>
                </Word>
                <Word id="r_11_tl_19_w8" custom="readingOrder {index:7;}">
                    <Coords points="2172,1297 2172,1357 2313,1357 2313,1297"/>
                    <TextEquiv>
                        <Unicode>Creatu¬</Unicode>
                    </TextEquiv>
                </Word>
                <TextEquiv>
                    <Unicode>verlas mit lauter Stimme die Namen aller Creatu¬</Unicode>
                </TextEquiv>
            </TextLine>
            <TextLine id="r_11_tl_20" custom="readingOrder {index:19;}">
                <Coords points="1300,1410 1396,1383 2310,1401 2295,1344 1300,1345"/>
                <Baseline points="1307,1379 1352,1382 1397,1382 1442,1382 1486,1382 1531,1382 1576,1382 1621,1382 1665,1379 1710,1382 1755,1382 1800,1382 1845,1385 1889,1385 1934,1382 1979,1385 2024,1385 2068,1388 2113,1385 2158,1385 2203,1385 2248,1385 2292,1385 2313,1385"/>
                <Word id="r_11_tl_20_w1" custom="readingOrder {index:0;}">
                    <Coords points="1295,1340 1295,1400 1378,1400 1378,1340"/>
                    <TextEquiv>
                        <Unicode>ren,</Unicode>
                    </TextEquiv>
                </Word>
                <Word id="r_11_tl_20_w2" custom="readingOrder {index:1;}">
                    <Coords points="1400,1342 1400,1402 1450,1402 1450,1342"/>
                    <TextEquiv>
                        <Unicode>die</Unicode>
                    </TextEquiv>
                </Word>
                <Word id="r_11_tl_20_w3" custom="readingOrder {index:2;}">
                    <Coords points="1473,1342 1473,1402 1523,1402 1523,1342"/>
                    <TextEquiv>
                        <Unicode>dem</Unicode>
                    </TextEquiv>
                </Word>
                <Word id="r_11_tl_20_w4" custom="readingOrder {index:3;}">
                    <Coords points="1562,1339 1562,1399 1756,1399 1756,1339"/>
                    <TextEquiv>
                        <Unicode>Endzwecke</Unicode>
                    </TextEquiv>
                </Word>
                <Word id="r_11_tl_20_w5" custom="readingOrder {index:4;}">
                    <Coords points="1785,1343 1785,1403 1873,1403 1873,1343"/>
                    <TextEquiv>
                        <Unicode>ihrer</Unicode>
                    </TextEquiv>
                </Word>
                <Word id="r_11_tl_20_w6" custom="readingOrder {index:5;}">
                    <Coords points="1896,1345 1896,1405 2095,1405 2095,1345"/>
                    <TextEquiv>
                        <Unicode>Schöpfung</Unicode>
                    </TextEquiv>
                </Word>
                <Word id="r_11_tl_20_w7" custom="readingOrder {index:6;}">
                    <Coords points="2130,1345 2130,1405 2174,1405 2174,1345"/>
                    <TextEquiv>
                        <Unicode>ein</Unicode>
                    </TextEquiv>
                </Word>
                <Word id="r_11_tl_20_w8" custom="readingOrder {index:7;}">
                    <Coords points="2208,1345 2208,1405 2307,1405 2307,1345"/>
                    <TextEquiv>
                        <Unicode>Gnü¬</Unicode>
                    </TextEquiv>
                </Word>
                <TextEquiv>
                    <Unicode>ren, die dem Endzwecke ihrer Schöpfung ein Gnü¬</Unicode>
                </TextEquiv>
            </TextLine>
            <TextLine id="r_11_tl_21" custom="readingOrder {index:20;}">
                <Coords points="1306,1453 2304,1446 2296,1393 1306,1403"/>
                <Baseline points="1313,1436 1322,1433 1367,1433 1412,1433 1456,1433 1501,1433 1546,1433 1591,1433 1636,1436 1680,1433 1725,1433 1770,1433 1815,1433 1859,1436 1904,1436 1949,1436 1994,1436 2039,1436 2083,1436 2128,1436 2173,1436 2218,1436 2263,1436 2307,1433"/>
                <Word id="r_11_tl_21_w1" custom="readingOrder {index:0;}">
                    <Coords points="1301,1394 1301,1454 1337,1454 1337,1394"/>
                    <TextEquiv>
                        <Unicode>ge</Unicode>
                    </TextEquiv>
                </Word>
                <Word id="r_11_tl_21_w2" custom="readingOrder {index:1;}">
                    <Coords points="1353,1393 1353,1453 1458,1453 1458,1393"/>
                    <TextEquiv>
                        <Unicode>thun.</Unicode>
                    </TextEquiv>
                </Word>
                <Word id="r_11_tl_21_w3" custom="readingOrder {index:2;}">
                    <Coords points="1506,1393 1506,1453 1574,1453 1574,1393"/>
                    <TextEquiv>
                        <Unicode>Die</Unicode>
                    </TextEquiv>
                </Word>
                <Word id="r_11_tl_21_w4" custom="readingOrder {index:3;}">
                    <Coords points="1607,1393 1607,1453 1732,1453 1732,1393"/>
                    <TextEquiv>
                        <Unicode>Namen</Unicode>
                    </TextEquiv>
                </Word>
                <Word id="r_11_tl_21_w5" custom="readingOrder {index:4;}">
                    <Coords points="1770,1393 1770,1453 1843,1453 1843,1393"/>
                    <TextEquiv>
                        <Unicode>aller</Unicode>
                    </TextEquiv>
                </Word>
                <Word id="r_11_tl_21_w6" custom="readingOrder {index:5;}">
                    <Coords points="1875,1396 1875,1456 2133,1456 2133,1396"/>
                    <TextEquiv>
                        <Unicode>Muselmänner</Unicode>
                    </TextEquiv>
                </Word>
                <Word id="r_11_tl_21_w7" custom="readingOrder {index:6;}">
                    <Coords points="2165,1396 2165,1456 2291,1456 2291,1396"/>
                    <TextEquiv>
                        <Unicode>wurden</Unicode>
                    </TextEquiv>
                </Word>
                <TextEquiv>
                    <Unicode>ge thun. Die Namen aller Muselmänner wurden</Unicode>
                </TextEquiv>
            </TextLine>
            <TextLine id="r_11_tl_22" custom="readingOrder {index:21;}">
                <Coords points="1294,1482 2310,1492 2310,1446 2264,1444 1294,1457"/>
                <Baseline points="1301,1480 1346,1480 1391,1480 1436,1483 1480,1480 1525,1483 1570,1483 1615,1483 1659,1483 1704,1483 1749,1483 1794,1483 1839,1483 1883,1483 1928,1483 1973,1486 2018,1486 2063,1486 2107,1486 2152,1486 2197,1486 2242,1486 2286,1486 2313,1480"/>
                <Word id="r_11_tl_22_w1" custom="readingOrder {index:0;}">
                    <Coords points="1294,1440 1294,1500 1453,1500 1453,1440"/>
                    <TextEquiv>
                        <Unicode>verlesen,</Unicode>
                    </TextEquiv>
                </Word>
                <Word id="r_11_tl_22_w2" custom="readingOrder {index:1;}">
                    <Coords points="1481,1441 1481,1501 1528,1501 1528,1441"/>
                    <TextEquiv>
                        <Unicode>die</Unicode>
                    </TextEquiv>
                </Word>
                <Word id="r_11_tl_22_w3" custom="readingOrder {index:2;}">
                    <Coords points="1556,1443 1556,1503 1688,1503 1688,1443"/>
                    <TextEquiv>
                        <Unicode>Namen</Unicode>
                    </TextEquiv>
                </Word>
                <Word id="r_11_tl_22_w4" custom="readingOrder {index:3;}">
                    <Coords points="1726,1443 1726,1503 1779,1503 1779,1443"/>
                    <TextEquiv>
                        <Unicode>der</Unicode>
                    </TextEquiv>
                </Word>
                <Word id="r_11_tl_22_w5" custom="readingOrder {index:4;}">
                    <Coords points="1812,1443 1812,1503 2068,1503 2068,1443"/>
                    <TextEquiv>
                        <Unicode>Rechtschaffnen</Unicode>
                    </TextEquiv>
                </Word>
                <Word id="r_11_tl_22_w6" custom="readingOrder {index:5;}">
                    <Coords points="2106,1446 2106,1506 2212,1506 2212,1446"/>
                    <TextEquiv>
                        <Unicode>deines</Unicode>
                    </TextEquiv>
                </Word>
                <Word id="r_11_tl_22_w7" custom="readingOrder {index:6;}">
                    <Coords points="2239,1446 2239,1506 2308,1506 2308,1446"/>
                    <TextEquiv>
                        <Unicode>Ho¬</Unicode>
                    </TextEquiv>
                </Word>
                <TextEquiv>
                    <Unicode>verlesen, die Namen der Rechtschaffnen deines Ho¬</Unicode>
                </TextEquiv>
            </TextLine>
            <TextLine id="r_11_tl_23" custom="readingOrder {index:22;}">
                <Coords points="1300,1545 2310,1542 2291,1489 1300,1485"/>
                <Baseline points="1307,1528 1352,1531 1397,1531 1442,1531 1486,1531 1531,1531 1576,1531 1621,1531 1665,1531 1710,1531 1755,1534 1800,1534 1845,1534 1889,1531 1934,1534 1979,1534 2024,1534 2068,1534 2113,1537 2158,1534 2203,1531 2248,1531 2292,1534 2313,1534"/>
                <Word id="r_11_tl_23_w1" custom="readingOrder {index:0;}">
                    <Coords points="1295,1489 1295,1549 1361,1549 1361,1489"/>
                    <TextEquiv>
                        <Unicode>fes.</Unicode>
                    </TextEquiv>
                </Word>
                <Word id="r_11_tl_23_w2" custom="readingOrder {index:1;}">
                    <Coords points="1412,1491 1412,1551 1495,1551 1495,1491"/>
                    <TextEquiv>
                        <Unicode>Aber</Unicode>
                    </TextEquiv>
                </Word>
                <Word id="r_11_tl_23_w3" custom="readingOrder {index:2;}">
                    <Coords points="1523,1491 1523,1551 1622,1551 1622,1491"/>
                    <TextEquiv>
                        <Unicode>siehe!</Unicode>
                    </TextEquiv>
                </Word>
                <Word id="r_11_tl_23_w4" custom="readingOrder {index:3;}">
                    <Coords points="1651,1491 1651,1551 1689,1551 1689,1491"/>
                    <TextEquiv>
                        <Unicode>ich</Unicode>
                    </TextEquiv>
                </Word>
                <Word id="r_11_tl_23_w5" custom="readingOrder {index:4;}">
                    <Coords points="1718,1494 1718,1554 1901,1554 1901,1494"/>
                    <TextEquiv>
                        <Unicode>erstaunte,</Unicode>
                    </TextEquiv>
                </Word>
                <Word id="r_11_tl_23_w6" custom="readingOrder {index:5;}">
                    <Coords points="1930,1494 1930,1554 1996,1554 1996,1494"/>
                    <TextEquiv>
                        <Unicode>auch</Unicode>
                    </TextEquiv>
                </Word>
                <Word id="r_11_tl_23_w7" custom="readingOrder {index:6;}">
                    <Coords points="2024,1494 2024,1554 2073,1554 2073,1494"/>
                    <TextEquiv>
                        <Unicode>die</Unicode>
                    </TextEquiv>
                </Word>
                <Word id="r_11_tl_23_w8" custom="readingOrder {index:7;}">
                    <Coords points="2096,1493 2096,1553 2224,1553 2224,1493"/>
                    <TextEquiv>
                        <Unicode>Anzahl</Unicode>
                    </TextEquiv>
                </Word>
                <Word id="r_11_tl_23_w9" custom="readingOrder {index:8;}">
                    <Coords points="2247,1492 2247,1552 2301,1552 2301,1492"/>
                    <TextEquiv>
                        <Unicode>der</Unicode>
                    </TextEquiv>
                </Word>
                <TextEquiv>
                    <Unicode>fes. Aber siehe! ich erstaunte, auch die Anzahl der</Unicode>
                </TextEquiv>
            </TextLine>
            <TextLine id="r_11_tl_24" custom="readingOrder {index:23;}">
                <Coords points="1294,1586 2304,1596 2292,1546 1294,1546"/>
                <Baseline points="1301,1579 1346,1579 1391,1579 1436,1579 1480,1579 1525,1579 1570,1579 1615,1579 1659,1582 1704,1582 1749,1582 1794,1582 1839,1582 1883,1582 1928,1582 1973,1585 2018,1582 2063,1585 2107,1582 2152,1585 2197,1585 2242,1582 2286,1585 2307,1588"/>
                <Word id="r_11_tl_24_w1" custom="readingOrder {index:0;}">
                    <Coords points="1294,1539 1294,1599 1437,1599 1437,1539"/>
                    <TextEquiv>
                        <Unicode>Lämmer</Unicode>
                    </TextEquiv>
                </Word>
                <Word id="r_11_tl_24_w2" custom="readingOrder {index:1;}">
                    <Coords points="1470,1539 1470,1599 1528,1599 1528,1539"/>
                    <TextEquiv>
                        <Unicode>und</Unicode>
                    </TextEquiv>
                </Word>
                <Word id="r_11_tl_24_w3" custom="readingOrder {index:2;}">
                    <Coords points="1566,1541 1566,1601 1742,1601 1742,1541"/>
                    <TextEquiv>
                        <Unicode>Schaafe,</Unicode>
                    </TextEquiv>
                </Word>
                <Word id="r_11_tl_24_w4" custom="readingOrder {index:3;}">
                    <Coords points="1769,1542 1769,1602 1827,1602 1827,1542"/>
                    <TextEquiv>
                        <Unicode>und</Unicode>
                    </TextEquiv>
                </Word>
                <Word id="r_11_tl_24_w5" custom="readingOrder {index:4;}">
                    <Coords points="1859,1542 1859,1602 2003,1602 2003,1542"/>
                    <TextEquiv>
                        <Unicode>Thiere,</Unicode>
                    </TextEquiv>
                </Word>
                <Word id="r_11_tl_24_w6" custom="readingOrder {index:5;}">
                    <Coords points="2031,1543 2031,1603 2142,1603 2142,1543"/>
                    <TextEquiv>
                        <Unicode>welche</Unicode>
                    </TextEquiv>
                </Word>
                <Word id="r_11_tl_24_w7" custom="readingOrder {index:6;}">
                    <Coords points="2174,1545 2174,1605 2206,1605 2206,1545"/>
                    <TextEquiv>
                        <Unicode>du</Unicode>
                    </TextEquiv>
                </Word>
                <Word id="r_11_tl_24_w8" custom="readingOrder {index:7;}">
                    <Coords points="2244,1544 2244,1604 2302,1604 2302,1544"/>
                    <TextEquiv>
                        <Unicode>auf</Unicode>
                    </TextEquiv>
                </Word>
                <TextEquiv>
                    <Unicode>Lämmer und Schaafe, und Thiere, welche du auf</Unicode>
                </TextEquiv>
            </TextLine>
            <TextLine id="r_11_tl_25" custom="readingOrder {index:24;}">
                <Coords points="1294,1640 2304,1644 2304,1595 2241,1588 1294,1595"/>
                <Baseline points="1301,1630 1346,1630 1391,1630 1436,1630 1480,1630 1525,1630 1570,1627 1615,1630 1659,1630 1704,1633 1749,1630 1794,1630 1839,1630 1883,1630 1928,1630 1973,1633 2018,1633 2063,1633 2107,1636 2152,1633 2197,1633 2242,1633 2286,1633 2307,1633"/>
                <Word id="r_11_tl_25_w1" custom="readingOrder {index:0;}">
                    <Coords points="1300,1590 1300,1650 1404,1650 1404,1590"/>
                    <TextEquiv>
                        <Unicode>deiner</Unicode>
                    </TextEquiv>
                </Word>
                <Word id="r_11_tl_25_w2" custom="readingOrder {index:1;}">
                    <Coords points="1438,1590 1438,1650 1537,1650 1537,1590"/>
                    <TextEquiv>
                        <Unicode>Tafel</Unicode>
                    </TextEquiv>
                </Word>
                <Word id="r_11_tl_25_w3" custom="readingOrder {index:2;}">
                    <Coords points="1565,1590 1565,1650 1709,1650 1709,1590"/>
                    <TextEquiv>
                        <Unicode>verzehrt</Unicode>
                    </TextEquiv>
                </Word>
                <Word id="r_11_tl_25_w4" custom="readingOrder {index:3;}">
                    <Coords points="1737,1590 1737,1650 1831,1650 1831,1590"/>
                    <TextEquiv>
                        <Unicode>hast,</Unicode>
                    </TextEquiv>
                </Word>
                <Word id="r_11_tl_25_w5" custom="readingOrder {index:4;}">
                    <Coords points="1864,1590 1864,1650 1925,1650 1925,1590"/>
                    <TextEquiv>
                        <Unicode>und</Unicode>
                    </TextEquiv>
                </Word>
                <Word id="r_11_tl_25_w6" custom="readingOrder {index:5;}">
                    <Coords points="1964,1593 1964,1653 2014,1653 2014,1593"/>
                    <TextEquiv>
                        <Unicode>die</Unicode>
                    </TextEquiv>
                </Word>
                <Word id="r_11_tl_25_w7" custom="readingOrder {index:6;}">
                    <Coords points="2042,1595 2042,1655 2174,1655 2174,1595"/>
                    <TextEquiv>
                        <Unicode>dadurch</Unicode>
                    </TextEquiv>
                </Word>
                <Word id="r_11_tl_25_w8" custom="readingOrder {index:7;}">
                    <Coords points="2208,1593 2208,1653 2290,1653 2290,1593"/>
                    <TextEquiv>
                        <Unicode>ihren</Unicode>
                    </TextEquiv>
                </Word>
                <TextEquiv>
                    <Unicode>deiner Tafel verzehrt hast, und die dadurch ihren</Unicode>
                </TextEquiv>
            </TextLine>
            <TextLine id="r_11_tl_26" custom="readingOrder {index:25;}">
                <Coords points="1300,1690 2308,1688 2308,1645 2260,1638 1300,1633"/>
                <Baseline points="1307,1674 1352,1677 1397,1677 1442,1677 1486,1677 1531,1677 1576,1677 1621,1677 1665,1677 1710,1677 1755,1677 1800,1677 1845,1674 1889,1677 1934,1680 1979,1680 2024,1680 2068,1680 2113,1680 2158,1680 2203,1680 2248,1677 2292,1680 2310,1677"/>
                <Word id="r_11_tl_26_w1" custom="readingOrder {index:0;}">
                    <Coords points="1300,1637 1300,1697 1469,1697 1469,1637"/>
                    <TextEquiv>
                        <Unicode>Endzweck</Unicode>
                    </TextEquiv>
                </Word>
                <Word id="r_11_tl_26_w2" custom="readingOrder {index:1;}">
                    <Coords points="1501,1637 1501,1697 1654,1697 1654,1637"/>
                    <TextEquiv>
                        <Unicode>erfüllet,</Unicode>
                    </TextEquiv>
                </Word>
                <Word id="r_11_tl_26_w3" custom="readingOrder {index:2;}">
                    <Coords points="1681,1637 1681,1697 1739,1697 1739,1637"/>
                    <TextEquiv>
                        <Unicode>daß</Unicode>
                    </TextEquiv>
                </Word>
                <Word id="r_11_tl_26_w4" custom="readingOrder {index:3;}">
                    <Coords points="1771,1637 1771,1697 1808,1697 1808,1637"/>
                    <TextEquiv>
                        <Unicode>sie</Unicode>
                    </TextEquiv>
                </Word>
                <Word id="r_11_tl_26_w5" custom="readingOrder {index:4;}">
                    <Coords points="1840,1635 1840,1695 1898,1695 1898,1635"/>
                    <TextEquiv>
                        <Unicode>dich</Unicode>
                    </TextEquiv>
                </Word>
                <Word id="r_11_tl_26_w6" custom="readingOrder {index:5;}">
                    <Coords points="1936,1640 1936,1700 2126,1700 2126,1640"/>
                    <TextEquiv>
                        <Unicode>gesattiget,</Unicode>
                    </TextEquiv>
                </Word>
                <Word id="r_11_tl_26_w7" custom="readingOrder {index:6;}">
                    <Coords points="2163,1638 2163,1698 2290,1698 2290,1638"/>
                    <TextEquiv>
                        <Unicode>wurden</Unicode>
                    </TextEquiv>
                </Word>
                <TextEquiv>
                    <Unicode>Endzweck erfüllet, daß sie dich gesattiget, wurden</Unicode>
                </TextEquiv>
            </TextLine>
            <TextLine id="r_11_tl_27" custom="readingOrder {index:26;}">
                <Coords points="1297,1731 2307,1739 2291,1686 1297,1694"/>
                <Baseline points="1304,1725 1349,1722 1394,1722 1439,1722 1483,1722 1528,1719 1573,1719 1618,1722 1662,1719 1707,1719 1752,1719 1797,1722 1842,1722 1886,1722 1931,1722 1976,1722 2021,1722 2065,1725 2110,1725 2155,1725 2200,1725 2245,1725 2289,1725 2310,1725"/>
                <Word id="r_11_tl_27_w1" custom="readingOrder {index:0;}">
                    <Coords points="1296,1682 1296,1742 1458,1742 1458,1682"/>
                    <TextEquiv>
                        <Unicode>verlesen.</Unicode>
                    </TextEquiv>
                </Word>
                <Word id="r_11_tl_27_w2" custom="readingOrder {index:1;}">
                    <Coords points="1507,1679 1507,1739 1597,1739 1597,1679"/>
                    <TextEquiv>
                        <Unicode>Dein</Unicode>
                    </TextEquiv>
                </Word>
                <Word id="r_11_tl_27_w3" custom="readingOrder {index:2;}">
                    <Coords points="1626,1679 1626,1739 1750,1739 1750,1679"/>
                    <TextEquiv>
                        <Unicode>Pferd,</Unicode>
                    </TextEquiv>
                </Word>
                <Word id="r_11_tl_27_w4" custom="readingOrder {index:3;}">
                    <Coords points="1775,1682 1775,1742 1904,1742 1904,1682"/>
                    <TextEquiv>
                        <Unicode>welches</Unicode>
                    </TextEquiv>
                </Word>
                <Word id="r_11_tl_27_w5" custom="readingOrder {index:4;}">
                    <Coords points="1928,1682 1928,1742 2076,1742 2076,1682"/>
                    <TextEquiv>
                        <Unicode>gehorsam</Unicode>
                    </TextEquiv>
                </Word>
                <Word id="r_11_tl_27_w6" custom="readingOrder {index:5;}">
                    <Coords points="2120,1685 2120,1745 2177,1745 2177,1685"/>
                    <TextEquiv>
                        <Unicode>dich</Unicode>
                    </TextEquiv>
                </Word>
                <Word id="r_11_tl_27_w7" custom="readingOrder {index:6;}">
                    <Coords points="2206,1685 2206,1745 2311,1745 2311,1685"/>
                    <TextEquiv>
                        <Unicode>trägt,</Unicode>
                    </TextEquiv>
                </Word>
                <TextEquiv>
                    <Unicode>verlesen. Dein Pferd, welches gehorsam dich trägt,</Unicode>
                </TextEquiv>
            </TextLine>
            <TextLine id="r_11_tl_28" custom="readingOrder {index:27;}">
                <Coords points="1297,1780 2310,1781 2310,1731 1297,1736"/>
                <Baseline points="1304,1761 1349,1764 1394,1764 1439,1761 1483,1761 1528,1761 1573,1761 1618,1761 1662,1761 1707,1761 1752,1764 1797,1764 1842,1764 1886,1761 1931,1764 1976,1767 2021,1767 2065,1767 2110,1767 2155,1770 2200,1770 2245,1770 2289,1770 2313,1767"/>
                <Word id="r_11_tl_28_w1" custom="readingOrder {index:0;}">
                    <Coords points="1300,1722 1300,1782 1365,1782 1365,1722"/>
                    <TextEquiv>
                        <Unicode>dein</Unicode>
                    </TextEquiv>
                </Word>
                <Word id="r_11_tl_28_w2" custom="readingOrder {index:1;}">
                    <Coords points="1388,1721 1388,1781 1621,1781 1621,1721"/>
                    <TextEquiv>
                        <Unicode>Stallknecht,</Unicode>
                    </TextEquiv>
                </Word>
                <Word id="r_11_tl_28_w3" custom="readingOrder {index:2;}">
                    <Coords points="1644,1721 1644,1781 1696,1781 1696,1721"/>
                    <TextEquiv>
                        <Unicode>der</Unicode>
                    </TextEquiv>
                </Word>
                <Word id="r_11_tl_28_w4" custom="readingOrder {index:3;}">
                    <Coords points="1723,1722 1723,1782 1749,1782 1749,1722"/>
                    <TextEquiv>
                        <Unicode>es</Unicode>
                    </TextEquiv>
                </Word>
                <Word id="r_11_tl_28_w5" custom="readingOrder {index:4;}">
                    <Coords points="1772,1724 1772,1784 1908,1784 1908,1724"/>
                    <TextEquiv>
                        <Unicode>füttert,</Unicode>
                    </TextEquiv>
                </Word>
                <Word id="r_11_tl_28_w6" custom="readingOrder {index:5;}">
                    <Coords points="1935,1727 1935,1787 2045,1787 2045,1727"/>
                    <TextEquiv>
                        <Unicode>wurde</Unicode>
                    </TextEquiv>
                </Word>
                <Word id="r_11_tl_28_w7" custom="readingOrder {index:6;}">
                    <Coords points="2068,1729 2068,1789 2235,1789 2235,1729"/>
                    <TextEquiv>
                        <Unicode>genannt,</Unicode>
                    </TextEquiv>
                </Word>
                <Word id="r_11_tl_28_w8" custom="readingOrder {index:7;}">
                    <Coords points="2253,1730 2253,1790 2301,1790 2301,1730"/>
                    <TextEquiv>
                        <Unicode>als</Unicode>
                    </TextEquiv>
                </Word>
                <TextEquiv>
                    <Unicode>dein Stallknecht, der es füttert, wurde genannt, als</Unicode>
                </TextEquiv>
            </TextLine>
            <TextLine id="r_11_tl_29" custom="readingOrder {index:28;}">
                <Coords points="1294,1820 2269,1840 2314,1831 2313,1780 1293,1775"/>
                <Baseline points="1301,1806 1346,1809 1391,1806 1436,1809 1480,1809 1525,1809 1570,1809 1615,1809 1659,1809 1704,1809 1749,1809 1794,1812 1839,1812 1883,1812 1928,1815 1973,1815 2018,1815 2063,1818 2107,1818 2152,1818 2197,1818 2242,1818 2286,1821 2316,1818"/>
                <Word id="r_11_tl_29_w1" custom="readingOrder {index:0;}">
                    <Coords points="1298,1768 1298,1828 1372,1828 1372,1768"/>
                    <TextEquiv>
                        <Unicode>die,</Unicode>
                    </TextEquiv>
                </Word>
                <Word id="r_11_tl_29_w2" custom="readingOrder {index:1;}">
                    <Coords points="1400,1768 1400,1828 1447,1828 1447,1768"/>
                    <TextEquiv>
                        <Unicode>die</Unicode>
                    </TextEquiv>
                </Word>
                <Word id="r_11_tl_29_w3" custom="readingOrder {index:2;}">
                    <Coords points="1469,1769 1469,1829 1517,1829 1517,1769"/>
                    <TextEquiv>
                        <Unicode>dem</Unicode>
                    </TextEquiv>
                </Word>
                <Word id="r_11_tl_29_w4" custom="readingOrder {index:3;}">
                    <Coords points="1560,1769 1560,1829 1676,1829 1676,1769"/>
                    <TextEquiv>
                        <Unicode>Range</Unicode>
                    </TextEquiv>
                </Word>
                <Word id="r_11_tl_29_w5" custom="readingOrder {index:4;}">
                    <Coords points="1704,1769 1704,1829 1746,1829 1746,1769"/>
                    <TextEquiv>
                        <Unicode>ein</Unicode>
                    </TextEquiv>
                </Word>
                <Word id="r_11_tl_29_w6" custom="readingOrder {index:5;}">
                    <Coords points="1773,1772 1773,1832 1900,1832 1900,1772"/>
                    <TextEquiv>
                        <Unicode>Gnüge</Unicode>
                    </TextEquiv>
                </Word>
                <Word id="r_11_tl_29_w7" custom="readingOrder {index:6;}">
                    <Coords points="1923,1775 1923,1835 2018,1835 2018,1775"/>
                    <TextEquiv>
                        <Unicode>thun,</Unicode>
                    </TextEquiv>
                </Word>
                <Word id="r_11_tl_29_w8" custom="readingOrder {index:7;}">
                    <Coords points="2045,1777 2045,1837 2071,1837 2071,1777"/>
                    <TextEquiv>
                        <Unicode>in</Unicode>
                    </TextEquiv>
                </Word>
                <Word id="r_11_tl_29_w9" custom="readingOrder {index:8;}">
                    <Coords points="2104,1778 2104,1838 2232,1838 2232,1778"/>
                    <TextEquiv>
                        <Unicode>welchem</Unicode>
                    </TextEquiv>
                </Word>
                <Word id="r_11_tl_29_w10" custom="readingOrder {index:9;}">
                    <Coords points="2275,1780 2275,1840 2312,1840 2312,1780"/>
                    <TextEquiv>
                        <Unicode>sie</Unicode>
                    </TextEquiv>
                </Word>
                <TextEquiv>
                    <Unicode>die, die dem Range ein Gnüge thun, in welchem sie</Unicode>
                </TextEquiv>
            </TextLine>
            <TextLine id="r_11_tl_30" custom="readingOrder {index:29;}">
                <Coords points="1297,1875 2299,1880 2298,1835 2236,1826 1297,1821"/>
                <Baseline points="1304,1857 1349,1857 1394,1859 1439,1859 1483,1859 1528,1859 1573,1859 1618,1862 1662,1862 1707,1862 1752,1862 1797,1862 1842,1865 1886,1865 1931,1865 1976,1865 2021,1868 2065,1868 2110,1868 2155,1868 2200,1871 2245,1871 2289,1871 2301,1868"/>
                <Word id="r_11_tl_30_w1" custom="readingOrder {index:0;}">
                    <Coords points="1304,1817 1304,1877 1326,1877 1326,1817"/>
                    <TextEquiv>
                        <Unicode>in</Unicode>
                    </TextEquiv>
                </Word>
                <Word id="r_11_tl_30_w2" custom="readingOrder {index:1;}">
                    <Coords points="1362,1818 1362,1878 1413,1878 1413,1818"/>
                    <TextEquiv>
                        <Unicode>der</Unicode>
                    </TextEquiv>
                </Word>
                <Word id="r_11_tl_30_w3" custom="readingOrder {index:2;}">
                    <Coords points="1437,1819 1437,1879 1545,1879 1545,1819"/>
                    <TextEquiv>
                        <Unicode>Reihe</Unicode>
                    </TextEquiv>
                </Word>
                <Word id="r_11_tl_30_w4" custom="readingOrder {index:3;}">
                    <Coords points="1575,1820 1575,1880 1626,1880 1626,1820"/>
                    <TextEquiv>
                        <Unicode>der</Unicode>
                    </TextEquiv>
                </Word>
                <Word id="r_11_tl_30_w5" custom="readingOrder {index:4;}">
                    <Coords points="1650,1822 1650,1882 1759,1882 1759,1822"/>
                    <TextEquiv>
                        <Unicode>Wesen</Unicode>
                    </TextEquiv>
                </Word>
                <Word id="r_11_tl_30_w6" custom="readingOrder {index:5;}">
                    <Coords points="1794,1825 1794,1885 1932,1885 1932,1825"/>
                    <TextEquiv>
                        <Unicode>stehen,</Unicode>
                    </TextEquiv>
                </Word>
                <Word id="r_11_tl_30_w7" custom="readingOrder {index:6;}">
                    <Coords points="1973,1826 1973,1886 2030,1886 2030,1826"/>
                    <TextEquiv>
                        <Unicode>und</Unicode>
                    </TextEquiv>
                </Word>
                <Word id="r_11_tl_30_w8" custom="readingOrder {index:7;}">
                    <Coords points="2060,1828 2060,1888 2134,1888 2134,1828"/>
                    <TextEquiv>
                        <Unicode>ihre</Unicode>
                    </TextEquiv>
                </Word>
                <Word id="r_11_tl_30_w9" custom="readingOrder {index:8;}">
                    <Coords points="2158,1831 2158,1891 2301,1891 2301,1831"/>
                    <TextEquiv>
                        <Unicode>Bestim¬</Unicode>
                    </TextEquiv>
                </Word>
                <TextEquiv>
                    <Unicode>in der Reihe der Wesen stehen, und ihre Bestim¬</Unicode>
                </TextEquiv>
            </TextLine>
            <TextLine id="r_11_tl_31" custom="readingOrder {index:30;}">
                <Coords points="1294,1920 2308,1936 2292,1879 1712,1868 1628,1906 1565,1862 1294,1880"/>
                <Baseline points="1301,1910 1346,1913 1391,1913 1436,1913 1480,1913 1525,1913 1570,1913 1615,1916 1659,1913 1704,1916 1749,1916 1794,1913 1839,1916 1883,1916 1928,1919 1973,1919 2018,1922 2063,1922 2107,1922 2152,1922 2197,1922 2242,1922 2286,1925 2310,1928"/>
                <Word id="r_11_tl_31_w1" custom="readingOrder {index:0;}">
                    <Coords points="1301,1873 1301,1933 1398,1933 1398,1873"/>
                    <TextEquiv>
                        <Unicode>mung</Unicode>
                    </TextEquiv>
                </Word>
                <Word id="r_11_tl_31_w2" custom="readingOrder {index:1;}">
                    <Coords points="1434,1873 1434,1933 1589,1933 1589,1873"/>
                    <TextEquiv>
                        <Unicode>erfüllen.</Unicode>
                    </TextEquiv>
                </Word>
                <Word id="r_11_tl_31_w3" custom="readingOrder {index:2;}">
                    <Coords points="1659,1876 1659,1936 1751,1936 1751,1876"/>
                    <TextEquiv>
                        <Unicode>Alles</Unicode>
                    </TextEquiv>
                </Word>
                <Word id="r_11_tl_31_w4" custom="readingOrder {index:3;}">
                    <Coords points="1792,1875 1792,1935 1860,1935 1860,1875"/>
                    <TextEquiv>
                        <Unicode>was</Unicode>
                    </TextEquiv>
                </Word>
                <Word id="r_11_tl_31_w5" custom="readingOrder {index:4;}">
                    <Coords points="1896,1878 1896,1938 1953,1938 1953,1878"/>
                    <TextEquiv>
                        <Unicode>dich</Unicode>
                    </TextEquiv>
                </Word>
                <Word id="r_11_tl_31_w6" custom="readingOrder {index:5;}">
                    <Coords points="1994,1882 1994,1942 2195,1942 2195,1882"/>
                    <TextEquiv>
                        <Unicode>unterhalten</Unicode>
                    </TextEquiv>
                </Word>
                <Word id="r_11_tl_31_w7" custom="readingOrder {index:6;}">
                    <Coords points="2231,1883 2231,1943 2305,1943 2305,1883"/>
                    <TextEquiv>
                        <Unicode>hat,</Unicode>
                    </TextEquiv>
                </Word>
                <TextEquiv>
                    <Unicode>mung erfüllen. Alles was dich unterhalten hat,</Unicode>
                </TextEquiv>
            </TextLine>
            <TextLine id="r_11_tl_32" custom="readingOrder {index:31;}">
                <Coords points="1294,1966 2209,1994 2314,1980 2314,1936 1293,1917"/>
                <Baseline points="1301,1964 1346,1964 1391,1964 1436,1964 1480,1964 1525,1967 1570,1967 1615,1964 1659,1967 1704,1964 1749,1967 1794,1967 1839,1970 1883,1970 1928,1970 1973,1970 2018,1970 2063,1970 2107,1970 2152,1970 2197,1970 2242,1970 2286,1973 2316,1970"/>
                <Word id="r_11_tl_32_w1" custom="readingOrder {index:0;}">
                    <Coords points="1298,1924 1298,1984 1406,1984 1406,1924"/>
                    <TextEquiv>
                        <Unicode>wurde</Unicode>
                    </TextEquiv>
                </Word>
                <Word id="r_11_tl_32_w2" custom="readingOrder {index:1;}">
                    <Coords points="1438,1926 1438,1986 1608,1986 1608,1926"/>
                    <TextEquiv>
                        <Unicode>genennt,</Unicode>
                    </TextEquiv>
                </Word>
                <Word id="r_11_tl_32_w3" custom="readingOrder {index:2;}">
                    <Coords points="1630,1926 1630,1986 1691,1986 1691,1926"/>
                    <TextEquiv>
                        <Unicode>und</Unicode>
                    </TextEquiv>
                </Word>
                <Word id="r_11_tl_32_w4" custom="readingOrder {index:3;}">
                    <Coords points="1723,1927 1723,1987 1789,1987 1789,1927"/>
                    <TextEquiv>
                        <Unicode>dein</Unicode>
                    </TextEquiv>
                </Word>
                <Word id="r_11_tl_32_w5" custom="readingOrder {index:4;}">
                    <Coords points="1821,1930 1821,1990 1960,1990 1960,1930"/>
                    <TextEquiv>
                        <Unicode>Name,</Unicode>
                    </TextEquiv>
                </Word>
                <Word id="r_11_tl_32_w6" custom="readingOrder {index:5;}">
                    <Coords points="1992,1930 1992,1990 2007,1990 2007,1930"/>
                    <TextEquiv>
                        <Unicode>o</Unicode>
                    </TextEquiv>
                </Word>
                <Word id="r_11_tl_32_w7" custom="readingOrder {index:6;}">
                    <Coords points="2033,1930 2033,1990 2167,1990 2167,1930"/>
                    <TextEquiv>
                        <Unicode>Yezid</Unicode>
                    </TextEquiv>
                </Word>
                <Word id="r_11_tl_32_w8" custom="readingOrder {index:7;}">
                    <Coords points="2194,1930 2194,1990 2302,1990 2302,1930"/>
                    <TextEquiv>
                        <Unicode>wurde</Unicode>
                    </TextEquiv>
                </Word>
                <TextEquiv>
                    <Unicode>wurde genennt, und dein Name, o Yezid wurde</Unicode>
                </TextEquiv>
            </TextLine>
            <TextLine id="r_11_tl_33" custom="readingOrder {index:32;}">
                <Coords points="1294,2021 2285,2042 2301,1985 1646,1971 1591,2007 1293,1974"/>
                <Baseline points="1301,2012 1346,2012 1391,2012 1436,2012 1480,2015 1525,2015 1570,2015 1615,2015 1659,2012 1704,2015 1749,2015 1794,2015 1839,2018 1883,2018 1928,2018 1973,2018 2018,2021 2063,2018 2107,2018 2152,2018 2197,2018 2242,2021 2286,2021 2304,2021"/>
                <Word id="r_11_tl_33_w1" custom="readingOrder {index:0;}">
                    <Coords points="1299,1972 1299,2032 1379,2032 1379,1972"/>
                    <TextEquiv>
                        <Unicode>nicht</Unicode>
                    </TextEquiv>
                </Word>
                <Word id="r_11_tl_33_w2" custom="readingOrder {index:1;}">
                    <Coords points="1401,1974 1401,2034 1557,2034 1557,1974"/>
                    <TextEquiv>
                        <Unicode>verlesen.</Unicode>
                    </TextEquiv>
                </Word>
                <Word id="r_11_tl_33_w3" custom="readingOrder {index:2;}">
                    <Coords points="1623,1973 1623,2033 1752,2033 1752,1973"/>
                    <TextEquiv>
                        <Unicode>Wende</Unicode>
                    </TextEquiv>
                </Word>
                <Word id="r_11_tl_33_w4" custom="readingOrder {index:3;}">
                    <Coords points="1780,1976 1780,2036 1866,2036 1866,1976"/>
                    <TextEquiv>
                        <Unicode>dich,</Unicode>
                    </TextEquiv>
                </Word>
                <Word id="r_11_tl_33_w5" custom="readingOrder {index:4;}">
                    <Coords points="1894,1978 1894,2038 1974,2038 1974,1978"/>
                    <TextEquiv>
                        <Unicode>sagte</Unicode>
                    </TextEquiv>
                </Word>
                <Word id="r_11_tl_33_w6" custom="readingOrder {index:5;}">
                    <Coords points="1996,1980 1996,2040 2050,2040 2050,1980"/>
                    <TextEquiv>
                        <Unicode>der</Unicode>
                    </TextEquiv>
                </Word>
                <Word id="r_11_tl_33_w7" custom="readingOrder {index:6;}">
                    <Coords points="2072,1978 2072,2038 2196,2038 2196,1978"/>
                    <TextEquiv>
                        <Unicode>Engel,</Unicode>
                    </TextEquiv>
                </Word>
                <Word id="r_11_tl_33_w8" custom="readingOrder {index:7;}">
                    <Coords points="2223,1981 2223,2041 2293,2041 2293,1981"/>
                    <TextEquiv>
                        <Unicode>nach</Unicode>
                    </TextEquiv>
                </Word>
                <TextEquiv>
                    <Unicode>nicht verlesen. Wende dich, sagte der Engel, nach</Unicode>
                </TextEquiv>
            </TextLine>
            <TextLine id="r_11_tl_34" custom="readingOrder {index:33;}">
                <Coords points="1300,2068 2310,2082 2310,2029 1300,2025"/>
                <Baseline points="1307,2060 1352,2060 1397,2060 1442,2060 1486,2060 1531,2063 1576,2063 1621,2063 1665,2063 1710,2063 1755,2063 1800,2063 1845,2065 1889,2065 1934,2065 1979,2065 2024,2063 2068,2065 2113,2063 2158,2065 2203,2063 2248,2065 2292,2065 2313,2063"/>
                <Word id="r_11_tl_34_w1" custom="readingOrder {index:0;}">
                    <Coords points="1294,2020 1294,2080 1343,2080 1343,2020"/>
                    <TextEquiv>
                        <Unicode>dem</Unicode>
                    </TextEquiv>
                </Word>
                <Word id="r_11_tl_34_w2" custom="readingOrder {index:1;}">
                    <Coords points="1388,2020 1388,2080 1550,2080 1550,2020"/>
                    <TextEquiv>
                        <Unicode>Throne;</Unicode>
                    </TextEquiv>
                </Word>
                <Word id="r_11_tl_34_w3" custom="readingOrder {index:2;}">
                    <Coords points="1575,2023 1575,2083 1614,2083 1614,2023"/>
                    <TextEquiv>
                        <Unicode>ich</Unicode>
                    </TextEquiv>
                </Word>
                <Word id="r_11_tl_34_w4" custom="readingOrder {index:3;}">
                    <Coords points="1644,2023 1644,2083 1786,2083 1786,2023"/>
                    <TextEquiv>
                        <Unicode>wendete</Unicode>
                    </TextEquiv>
                </Word>
                <Word id="r_11_tl_34_w5" custom="readingOrder {index:4;}">
                    <Coords points="1812,2025 1812,2085 1914,2085 1914,2025"/>
                    <TextEquiv>
                        <Unicode>mich,</Unicode>
                    </TextEquiv>
                </Word>
                <Word id="r_11_tl_34_w6" custom="readingOrder {index:5;}">
                    <Coords points="1940,2025 1940,2085 1998,2085 1998,2025"/>
                    <TextEquiv>
                        <Unicode>und</Unicode>
                    </TextEquiv>
                </Word>
                <Word id="r_11_tl_34_w7" custom="readingOrder {index:6;}">
                    <Coords points="2033,2024 2033,2084 2102,2084 2102,2024"/>
                    <TextEquiv>
                        <Unicode>sahe</Unicode>
                    </TextEquiv>
                </Word>
                <Word id="r_11_tl_34_w8" custom="readingOrder {index:7;}">
                    <Coords points="2137,2024 2137,2084 2205,2084 2205,2024"/>
                    <TextEquiv>
                        <Unicode>eine</Unicode>
                    </TextEquiv>
                </Word>
                <Word id="r_11_tl_34_w9" custom="readingOrder {index:8;}">
                    <Coords points="2235,2025 2235,2085 2299,2085 2299,2025"/>
                    <TextEquiv>
                        <Unicode>Ta¬</Unicode>
                    </TextEquiv>
                </Word>
                <TextEquiv>
                    <Unicode>dem Throne; ich wendete mich, und sahe eine Ta¬</Unicode>
                </TextEquiv>
            </TextLine>
            <TextLine id="r_11_tl_35" custom="readingOrder {index:34;}">
                <Coords points="1300,2124 2308,2129 2308,2080 2254,2071 1300,2066"/>
                <Baseline points="1307,2110 1352,2107 1397,2110 1442,2110 1486,2110 1531,2110 1576,2110 1621,2110 1665,2113 1710,2113 1755,2113 1800,2113 1845,2113 1889,2113 1934,2113 1979,2113 2024,2113 2068,2113 2113,2113 2158,2113 2203,2113 2248,2113 2292,2113 2310,2113"/>
                <Word id="r_11_tl_35_w1" custom="readingOrder {index:0;}">
                    <Coords points="1295,2068 1295,2128 1352,2128 1352,2068"/>
                    <TextEquiv>
                        <Unicode>fel,</Unicode>
                    </TextEquiv>
                </Word>
                <Word id="r_11_tl_35_w2" custom="readingOrder {index:1;}">
                    <Coords points="1369,2069 1369,2129 1421,2129 1421,2069"/>
                    <TextEquiv>
                        <Unicode>auf</Unicode>
                    </TextEquiv>
                </Word>
                <Word id="r_11_tl_35_w3" custom="readingOrder {index:2;}">
                    <Coords points="1443,2070 1443,2130 1570,2130 1570,2070"/>
                    <TextEquiv>
                        <Unicode>welcher</Unicode>
                    </TextEquiv>
                </Word>
                <Word id="r_11_tl_35_w4" custom="readingOrder {index:3;}">
                    <Coords points="1591,2070 1591,2130 1638,2130 1638,2070"/>
                    <TextEquiv>
                        <Unicode>die</Unicode>
                    </TextEquiv>
                </Word>
                <Word id="r_11_tl_35_w5" custom="readingOrder {index:4;}">
                    <Coords points="1660,2073 1660,2133 1792,2133 1792,2073"/>
                    <TextEquiv>
                        <Unicode>Namen</Unicode>
                    </TextEquiv>
                </Word>
                <Word id="r_11_tl_35_w6" custom="readingOrder {index:5;}">
                    <Coords points="1825,2073 1825,2133 1872,2133 1872,2073"/>
                    <TextEquiv>
                        <Unicode>der</Unicode>
                    </TextEquiv>
                </Word>
                <Word id="r_11_tl_35_w7" custom="readingOrder {index:6;}">
                    <Coords points="1888,2073 1888,2133 2105,2133 2105,2073"/>
                    <TextEquiv>
                        <Unicode>Beherrscher</Unicode>
                    </TextEquiv>
                </Word>
                <Word id="r_11_tl_35_w8" custom="readingOrder {index:7;}">
                    <Coords points="2127,2073 2127,2133 2179,2133 2179,2073"/>
                    <TextEquiv>
                        <Unicode>der</Unicode>
                    </TextEquiv>
                </Word>
                <Word id="r_11_tl_35_w9" custom="readingOrder {index:8;}">
                    <Coords points="2195,2073 2195,2133 2300,2133 2300,2073"/>
                    <TextEquiv>
                        <Unicode>Gläu¬</Unicode>
                    </TextEquiv>
                </Word>
                <TextEquiv>
                    <Unicode>fel, auf welcher die Namen der Beherrscher der Gläu¬</Unicode>
                </TextEquiv>
            </TextLine>
            <TextLine id="r_11_tl_36" custom="readingOrder {index:35;}">
                <Coords points="1294,2176 2304,2172 2304,2128 2255,2120 1294,2123"/>
                <Baseline points="1301,2158 1346,2158 1391,2158 1436,2158 1480,2158 1525,2158 1570,2161 1615,2158 1659,2158 1704,2158 1749,2158 1794,2161 1839,2161 1883,2164 1928,2161 1973,2161 2018,2164 2063,2164 2107,2164 2152,2164 2197,2164 2242,2164 2286,2164 2307,2161"/>
                <Word id="r_11_tl_36_w1" custom="readingOrder {index:0;}">
                    <Coords points="1294,2118 1294,2178 1383,2178 1383,2118"/>
                    <TextEquiv>
                        <Unicode>bigen</Unicode>
                    </TextEquiv>
                </Word>
                <Word id="r_11_tl_36_w2" custom="readingOrder {index:1;}">
                    <Coords points="1414,2118 1414,2178 1560,2178 1560,2118"/>
                    <TextEquiv>
                        <Unicode>standen.</Unicode>
                    </TextEquiv>
                </Word>
                <Word id="r_11_tl_36_w3" custom="readingOrder {index:2;}">
                    <Coords points="1611,2118 1611,2178 1687,2178 1687,2118"/>
                    <TextEquiv>
                        <Unicode>Alle</Unicode>
                    </TextEquiv>
                </Word>
                <Word id="r_11_tl_36_w4" custom="readingOrder {index:3;}">
                    <Coords points="1707,2118 1707,2178 1752,2178 1752,2118"/>
                    <TextEquiv>
                        <Unicode>die</Unicode>
                    </TextEquiv>
                </Word>
                <Word id="r_11_tl_36_w5" custom="readingOrder {index:4;}">
                    <Coords points="1778,2121 1778,2181 1833,2181 1833,2121"/>
                    <TextEquiv>
                        <Unicode>vor</Unicode>
                    </TextEquiv>
                </Word>
                <Word id="r_11_tl_36_w6" custom="readingOrder {index:5;}">
                    <Coords points="1859,2123 1859,2183 1904,2183 1904,2123"/>
                    <TextEquiv>
                        <Unicode>dir</Unicode>
                    </TextEquiv>
                </Word>
                <Word id="r_11_tl_36_w7" custom="readingOrder {index:6;}">
                    <Coords points="1924,2122 1924,2182 2060,2182 2060,2122"/>
                    <TextEquiv>
                        <Unicode>gewesen</Unicode>
                    </TextEquiv>
                </Word>
                <Word id="r_11_tl_36_w8" custom="readingOrder {index:7;}">
                    <Coords points="2091,2124 2091,2184 2217,2184 2217,2124"/>
                    <TextEquiv>
                        <Unicode>waren,</Unicode>
                    </TextEquiv>
                </Word>
                <Word id="r_11_tl_36_w9" custom="readingOrder {index:8;}">
                    <Coords points="2237,2124 2237,2184 2297,2184 2297,2124"/>
                    <TextEquiv>
                        <Unicode>und</Unicode>
                    </TextEquiv>
                </Word>
                <TextEquiv>
                    <Unicode>bigen standen. Alle die vor dir gewesen waren, und</Unicode>
                </TextEquiv>
            </TextLine>
            <TextLine id="r_11_tl_37" custom="readingOrder {index:36;}">
                <Coords points="1297,2219 2312,2226 2280,2170 1297,2173"/>
                <Baseline points="1304,2206 1349,2206 1394,2206 1439,2206 1483,2206 1528,2203 1573,2203 1618,2203 1662,2206 1707,2203 1752,2206 1797,2206 1842,2209 1886,2209 1931,2209 1976,2209 2021,2215 2065,2215 2110,2215 2155,2215 2200,2215 2245,2215 2289,2215 2313,2215"/>
                <Word id="r_11_tl_37_w1" custom="readingOrder {index:0;}">
                    <Coords points="1296,2166 1296,2226 1353,2226 1353,2166"/>
                    <TextEquiv>
                        <Unicode>alle</Unicode>
                    </TextEquiv>
                </Word>
                <Word id="r_11_tl_37_w2" custom="readingOrder {index:1;}">
                    <Coords points="1377,2166 1377,2226 1425,2226 1425,2166"/>
                    <TextEquiv>
                        <Unicode>die</Unicode>
                    </TextEquiv>
                </Word>
                <Word id="r_11_tl_37_w3" custom="readingOrder {index:2;}">
                    <Coords points="1444,2166 1444,2226 1511,2226 1511,2166"/>
                    <TextEquiv>
                        <Unicode>noch</Unicode>
                    </TextEquiv>
                </Word>
                <Word id="r_11_tl_37_w4" custom="readingOrder {index:3;}">
                    <Coords points="1540,2163 1540,2223 1684,2223 1684,2163"/>
                    <TextEquiv>
                        <Unicode>kommen</Unicode>
                    </TextEquiv>
                </Word>
                <Word id="r_11_tl_37_w5" custom="readingOrder {index:4;}">
                    <Coords points="1713,2166 1713,2226 1865,2226 1865,2166"/>
                    <TextEquiv>
                        <Unicode>werden,</Unicode>
                    </TextEquiv>
                </Word>
                <Word id="r_11_tl_37_w6" custom="readingOrder {index:5;}">
                    <Coords points="1890,2169 1890,2229 1961,2229 1961,2169"/>
                    <TextEquiv>
                        <Unicode>aber</Unicode>
                    </TextEquiv>
                </Word>
                <Word id="r_11_tl_37_w7" custom="readingOrder {index:6;}">
                    <Coords points="1991,2175 1991,2235 2057,2235 2057,2175"/>
                    <TextEquiv>
                        <Unicode>dein</Unicode>
                    </TextEquiv>
                </Word>
                <Word id="r_11_tl_37_w8" custom="readingOrder {index:7;}">
                    <Coords points="2087,2175 2087,2235 2196,2235 2196,2175"/>
                    <TextEquiv>
                        <Unicode>Name</Unicode>
                    </TextEquiv>
                </Word>
                <Word id="r_11_tl_37_w9" custom="readingOrder {index:8;}">
                    <Coords points="2230,2175 2230,2235 2296,2235 2296,2175"/>
                    <TextEquiv>
                        <Unicode>war</Unicode>
                    </TextEquiv>
                </Word>
                <TextEquiv>
                    <Unicode>alle die noch kommen werden, aber dein Name war</Unicode>
                </TextEquiv>
            </TextLine>
            <TextLine id="r_11_tl_38" custom="readingOrder {index:37;}">
                <Coords points="1297,2276 2183,2283 2300,2274 2299,2226 1295,2219"/>
                <Baseline points="1304,2260 1349,2257 1394,2254 1439,2254 1483,2254 1528,2254 1573,2254 1618,2251 1662,2251 1707,2251 1752,2254 1797,2254 1842,2254 1886,2257 1931,2257 1976,2257 2021,2263 2065,2263 2110,2263 2155,2263 2200,2266 2245,2266 2289,2266 2304,2266"/>
                <Word id="r_11_tl_38_w1" custom="readingOrder {index:0;}">
                    <Coords points="1296,2215 1296,2275 1437,2275 1437,2215"/>
                    <TextEquiv>
                        <Unicode>zwischen</Unicode>
                    </TextEquiv>
                </Word>
                <Word id="r_11_tl_38_w2" custom="readingOrder {index:1;}">
                    <Coords points="1468,2214 1468,2274 1556,2274 1556,2214"/>
                    <TextEquiv>
                        <Unicode>ihnen</Unicode>
                    </TextEquiv>
                </Word>
                <Word id="r_11_tl_38_w3" custom="readingOrder {index:2;}">
                    <Coords points="1586,2213 1586,2273 1888,2273 1888,2213"/>
                    <TextEquiv>
                        <Unicode>hinweggewischt.</Unicode>
                    </TextEquiv>
                </Word>
                <Word id="r_11_tl_38_w4" custom="readingOrder {index:3;}">
                    <Coords points="1941,2221 1941,2281 2077,2281 2077,2221"/>
                    <TextEquiv>
                        <Unicode>Siehe:</Unicode>
                    </TextEquiv>
                </Word>
                <Word id="r_11_tl_38_w5" custom="readingOrder {index:4;}">
                    <Coords points="2102,2223 2102,2283 2190,2283 2190,2223"/>
                    <TextEquiv>
                        <Unicode>sagte</Unicode>
                    </TextEquiv>
                </Word>
                <Word id="r_11_tl_38_w6" custom="readingOrder {index:5;}">
                    <Coords points="2214,2226 2214,2286 2290,2286 2290,2226"/>
                    <TextEquiv>
                        <Unicode>mein</Unicode>
                    </TextEquiv>
                </Word>
                <TextEquiv>
                    <Unicode>zwischen ihnen hinweggewischt. Siehe: sagte mein</Unicode>
                </TextEquiv>
            </TextLine>
            <TextLine id="r_11_tl_39" custom="readingOrder {index:38;}">
                <Coords points="1300,2325 2304,2322 2281,2272 1300,2273"/>
                <Baseline points="1307,2301 1352,2304 1397,2304 1442,2301 1486,2301 1531,2304 1576,2301 1621,2304 1665,2301 1710,2301 1755,2304 1800,2304 1845,2307 1889,2307 1934,2307 1979,2307 2024,2307 2068,2310 2113,2310 2158,2310 2203,2310 2248,2313 2292,2310 2307,2313"/>
                <Word id="r_11_tl_39_w1" custom="readingOrder {index:0;}">
                    <Coords points="1295,2264 1295,2324 1446,2324 1446,2264"/>
                    <TextEquiv>
                        <Unicode>Führer,</Unicode>
                    </TextEquiv>
                </Word>
                <Word id="r_11_tl_39_w2" custom="readingOrder {index:1;}">
                    <Coords points="1469,2263 1469,2323 1602,2323 1602,2263"/>
                    <TextEquiv>
                        <Unicode>Yezid</Unicode>
                    </TextEquiv>
                </Word>
                <Word id="r_11_tl_39_w3" custom="readingOrder {index:2;}">
                    <Coords points="1626,2261 1626,2321 1742,2321 1742,2261"/>
                    <TextEquiv>
                        <Unicode>führet</Unicode>
                    </TextEquiv>
                </Word>
                <Word id="r_11_tl_39_w4" custom="readingOrder {index:3;}">
                    <Coords points="1760,2264 1760,2324 1800,2324 1800,2264"/>
                    <TextEquiv>
                        <Unicode>ein</Unicode>
                    </TextEquiv>
                </Word>
                <Word id="r_11_tl_39_w5" custom="readingOrder {index:4;}">
                    <Coords points="1830,2267 1830,2327 1975,2327 1975,2267"/>
                    <TextEquiv>
                        <Unicode>müßiges</Unicode>
                    </TextEquiv>
                </Word>
                <Word id="r_11_tl_39_w6" custom="readingOrder {index:5;}">
                    <Coords points="2005,2269 2005,2329 2126,2329 2126,2269"/>
                    <TextEquiv>
                        <Unicode>Leben,</Unicode>
                    </TextEquiv>
                </Word>
                <Word id="r_11_tl_39_w7" custom="readingOrder {index:6;}">
                    <Coords points="2162,2271 2162,2331 2295,2331 2295,2271"/>
                    <TextEquiv>
                        <Unicode>welches</Unicode>
                    </TextEquiv>
                </Word>
                <TextEquiv>
                    <Unicode>Führer, Yezid führet ein müßiges Leben, welches</Unicode>
                </TextEquiv>
            </TextLine>
            <TextLine id="r_11_tl_40" custom="readingOrder {index:39;}">
                <Coords points="1294,2372 2304,2370 2277,2316 1294,2327"/>
                <Baseline points="1301,2358 1346,2358 1391,2355 1436,2355 1480,2355 1525,2352 1570,2352 1615,2349 1659,2349 1704,2352 1749,2355 1794,2355 1839,2358 1883,2358 1928,2358 1973,2358 2018,2358 2063,2358 2107,2358 2152,2358 2197,2358 2242,2358 2286,2358 2307,2358"/>
                <Word id="r_11_tl_40_w1" custom="readingOrder {index:0;}">
                    <Coords points="1295,2318 1295,2378 1375,2378 1375,2318"/>
                    <TextEquiv>
                        <Unicode>ganz</Unicode>
                    </TextEquiv>
                </Word>
                <Word id="r_11_tl_40_w2" custom="readingOrder {index:1;}">
                    <Coords points="1405,2315 1405,2375 1502,2375 1502,2315"/>
                    <TextEquiv>
                        <Unicode>wider</Unicode>
                    </TextEquiv>
                </Word>
                <Word id="r_11_tl_40_w3" custom="readingOrder {index:2;}">
                    <Coords points="1520,2312 1520,2372 1601,2372 1601,2312"/>
                    <TextEquiv>
                        <Unicode>seine</Unicode>
                    </TextEquiv>
                </Word>
                <Word id="r_11_tl_40_w4" custom="readingOrder {index:3;}">
                    <Coords points="1625,2314 1625,2374 1855,2374 1855,2314"/>
                    <TextEquiv>
                        <Unicode>Bestimmung</Unicode>
                    </TextEquiv>
                </Word>
                <Word id="r_11_tl_40_w5" custom="readingOrder {index:4;}">
                    <Coords points="1879,2318 1879,2378 1930,2378 1930,2318"/>
                    <TextEquiv>
                        <Unicode>ist.</Unicode>
                    </TextEquiv>
                </Word>
                <Word id="r_11_tl_40_w6" custom="readingOrder {index:5;}">
                    <Coords points="1983,2318 1983,2378 2058,2378 2058,2318"/>
                    <TextEquiv>
                        <Unicode>Alle</Unicode>
                    </TextEquiv>
                </Word>
                <Word id="r_11_tl_40_w7" custom="readingOrder {index:6;}">
                    <Coords points="2082,2318 2082,2378 2226,2378 2226,2318"/>
                    <TextEquiv>
                        <Unicode>Thiere,</Unicode>
                    </TextEquiv>
                </Word>
                <Word id="r_11_tl_40_w8" custom="readingOrder {index:7;}">
                    <Coords points="2249,2318 2249,2378 2295,2378 2295,2318"/>
                    <TextEquiv>
                        <Unicode>die</Unicode>
                    </TextEquiv>
                </Word>
                <TextEquiv>
                    <Unicode>ganz wider seine Bestimmung ist. Alle Thiere, die</Unicode>
                </TextEquiv>
            </TextLine>
            <TextLine id="r_11_tl_41" custom="readingOrder {index:40;}">
                <Coords points="1297,2411 2304,2426 2304,2370 2244,2361 1297,2371"/>
                <Baseline points="1304,2403 1349,2406 1394,2406 1439,2406 1483,2403 1528,2400 1573,2400 1618,2400 1662,2403 1707,2403 1752,2403 1797,2406 1842,2406 1886,2406 1931,2403 1976,2403 2021,2403 2065,2403 2110,2403 2155,2406 2200,2406 2245,2409 2289,2409 2307,2412"/>
                <Word id="r_11_tl_41_w1" custom="readingOrder {index:0;}">
                    <Coords points="1292,2363 1292,2423 1341,2423 1341,2363"/>
                    <TextEquiv>
                        <Unicode>ihn</Unicode>
                    </TextEquiv>
                </Word>
                <Word id="r_11_tl_41_w2" custom="readingOrder {index:1;}">
                    <Coords points="1376,2365 1376,2425 1514,2425 1514,2365"/>
                    <TextEquiv>
                        <Unicode>ernährt</Unicode>
                    </TextEquiv>
                </Word>
                <Word id="r_11_tl_41_w3" custom="readingOrder {index:2;}">
                    <Coords points="1537,2360 1537,2420 1665,2420 1665,2360"/>
                    <TextEquiv>
                        <Unicode>haben,</Unicode>
                    </TextEquiv>
                </Word>
                <Word id="r_11_tl_41_w4" custom="readingOrder {index:3;}">
                    <Coords points="1699,2363 1699,2423 1799,2423 1799,2363"/>
                    <TextEquiv>
                        <Unicode>haben</Unicode>
                    </TextEquiv>
                </Word>
                <Word id="r_11_tl_41_w5" custom="readingOrder {index:4;}">
                    <Coords points="1833,2366 1833,2426 1922,2426 1922,2366"/>
                    <TextEquiv>
                        <Unicode>ihren</Unicode>
                    </TextEquiv>
                </Word>
                <Word id="r_11_tl_41_w6" custom="readingOrder {index:5;}">
                    <Coords points="1956,2363 1956,2423 2134,2423 2134,2363"/>
                    <TextEquiv>
                        <Unicode>Endzweck</Unicode>
                    </TextEquiv>
                </Word>
                <Word id="r_11_tl_41_w7" custom="readingOrder {index:6;}">
                    <Coords points="2163,2367 2163,2427 2295,2427 2295,2367"/>
                    <TextEquiv>
                        <Unicode>erfüllt;</Unicode>
                    </TextEquiv>
                </Word>
                <TextEquiv>
                    <Unicode>ihn ernährt haben, haben ihren Endzweck erfüllt;</Unicode>
                </TextEquiv>
            </TextLine>
            <TextLine id="r_11_tl_42" custom="readingOrder {index:41;}">
                <Coords points="1309,2459 2298,2467 2298,2426 2163,2409 1309,2417"/>
                <Baseline points="1316,2454 1361,2454 1406,2454 1450,2454 1495,2451 1540,2451 1585,2448 1630,2448 1674,2451 1719,2451 1764,2457 1809,2454 1854,2454 1898,2454 1943,2451 1988,2454 2033,2454 2077,2454 2122,2454 2167,2457 2212,2454 2257,2457 2301,2460"/>
                <Word id="r_11_tl_42_w1" custom="readingOrder {index:0;}">
                    <Coords points="1304,2414 1304,2474 1338,2474 1338,2414"/>
                    <TextEquiv>
                        <Unicode>sie</Unicode>
                    </TextEquiv>
                </Word>
                <Word id="r_11_tl_42_w2" custom="readingOrder {index:1;}">
                    <Coords points="1356,2414 1356,2474 1460,2474 1460,2414"/>
                    <TextEquiv>
                        <Unicode>waren</Unicode>
                    </TextEquiv>
                </Word>
                <Word id="r_11_tl_42_w3" custom="readingOrder {index:2;}">
                    <Coords points="1490,2411 1490,2471 1564,2471 1564,2411"/>
                    <TextEquiv>
                        <Unicode>dazu</Unicode>
                    </TextEquiv>
                </Word>
                <Word id="r_11_tl_42_w4" custom="readingOrder {index:3;}">
                    <Coords points="1594,2411 1594,2471 1785,2471 1785,2411"/>
                    <TextEquiv>
                        <Unicode>geschaffen,</Unicode>
                    </TextEquiv>
                </Word>
                <Word id="r_11_tl_42_w5" custom="readingOrder {index:4;}">
                    <Coords points="1814,2414 1814,2474 1901,2474 1901,2414"/>
                    <TextEquiv>
                        <Unicode>jedes</Unicode>
                    </TextEquiv>
                </Word>
                <Word id="r_11_tl_42_w6" custom="readingOrder {index:5;}">
                    <Coords points="1936,2414 1936,2474 2057,2474 2057,2414"/>
                    <TextEquiv>
                        <Unicode>Insect</Unicode>
                    </TextEquiv>
                </Word>
                <Word id="r_11_tl_42_w7" custom="readingOrder {index:6;}">
                    <Coords points="2081,2414 2081,2474 2191,2474 2191,2414"/>
                    <TextEquiv>
                        <Unicode>erfüllt</Unicode>
                    </TextEquiv>
                </Word>
                <Word id="r_11_tl_42_w8" custom="readingOrder {index:7;}">
                    <Coords points="2220,2417 2220,2477 2295,2477 2295,2417"/>
                    <TextEquiv>
                        <Unicode>seine</Unicode>
                    </TextEquiv>
                </Word>
                <TextEquiv>
                    <Unicode>sie waren dazu geschaffen, jedes Insect erfüllt seine</Unicode>
                </TextEquiv>
            </TextLine>
            <TextLine id="r_11_tl_43" custom="readingOrder {index:42;}">
                <Coords points="1294,2503 2304,2525 2304,2471 1293,2462"/>
                <Baseline points="1301,2501 1346,2501 1391,2501 1436,2504 1480,2504 1525,2501 1570,2498 1615,2498 1659,2498 1704,2501 1749,2504 1794,2504 1839,2504 1883,2501 1928,2501 1973,2501 2018,2501 2063,2504 2107,2504 2152,2507 2197,2507 2242,2507 2286,2507 2307,2507"/>
                <Word id="r_11_tl_43_w1" custom="readingOrder {index:0;}">
                    <Coords points="1300,2463 1300,2523 1561,2523 1561,2463"/>
                    <TextEquiv>
                        <Unicode>Bestimmung,</Unicode>
                    </TextEquiv>
                </Word>
                <Word id="r_11_tl_43_w2" custom="readingOrder {index:1;}">
                    <Coords points="1590,2458 1590,2518 1657,2518 1657,2458"/>
                    <TextEquiv>
                        <Unicode>jede</Unicode>
                    </TextEquiv>
                </Word>
                <Word id="r_11_tl_43_w3" custom="readingOrder {index:2;}">
                    <Coords points="1681,2463 1681,2523 1800,2523 1800,2463"/>
                    <TextEquiv>
                        <Unicode>Auster</Unicode>
                    </TextEquiv>
                </Word>
                <Word id="r_11_tl_43_w4" custom="readingOrder {index:3;}">
                    <Coords points="1829,2462 1829,2522 1891,2522 1891,2462"/>
                    <TextEquiv>
                        <Unicode>und</Unicode>
                    </TextEquiv>
                </Word>
                <Word id="r_11_tl_43_w5" custom="readingOrder {index:4;}">
                    <Coords points="1920,2461 1920,2521 2074,2521 2074,2461"/>
                    <TextEquiv>
                        <Unicode>Muschel</Unicode>
                    </TextEquiv>
                </Word>
                <Word id="r_11_tl_43_w6" custom="readingOrder {index:5;}">
                    <Coords points="2097,2466 2097,2526 2193,2526 2193,2466"/>
                    <TextEquiv>
                        <Unicode>thut,</Unicode>
                    </TextEquiv>
                </Word>
                <Word id="r_11_tl_43_w7" custom="readingOrder {index:6;}">
                    <Coords points="2228,2467 2228,2527 2295,2527 2295,2467"/>
                    <TextEquiv>
                        <Unicode>was</Unicode>
                    </TextEquiv>
                </Word>
                <TextEquiv>
                    <Unicode>Bestimmung, jede Auster und Muschel thut, was</Unicode>
                </TextEquiv>
            </TextLine>
            <TextLine id="r_11_tl_44" custom="readingOrder {index:43;}">
                <Coords points="1303,2569 2304,2575 2276,2519 1302,2515"/>
                <Baseline points="1310,2555 1355,2552 1400,2552 1444,2552 1489,2549 1534,2549 1579,2546 1624,2546 1668,2546 1713,2552 1758,2552 1803,2555 1848,2552 1892,2552 1937,2549 1982,2552 2027,2552 2071,2555 2116,2555 2161,2558 2206,2558 2251,2558 2295,2558 2307,2561"/>
                <Word id="r_11_tl_44_w1" custom="readingOrder {index:0;}">
                    <Coords points="1297,2514 1297,2574 1332,2574 1332,2514"/>
                    <TextEquiv>
                        <Unicode>sie</Unicode>
                    </TextEquiv>
                </Word>
                <Word id="r_11_tl_44_w2" custom="readingOrder {index:1;}">
                    <Coords points="1357,2512 1357,2572 1463,2572 1463,2512"/>
                    <TextEquiv>
                        <Unicode>thun,</Unicode>
                    </TextEquiv>
                </Word>
                <Word id="r_11_tl_44_w3" custom="readingOrder {index:2;}">
                    <Coords points="1493,2509 1493,2569 1552,2569 1552,2509"/>
                    <TextEquiv>
                        <Unicode>und</Unicode>
                    </TextEquiv>
                </Word>
                <Word id="r_11_tl_44_w4" custom="readingOrder {index:3;}">
                    <Coords points="1576,2506 1576,2566 1611,2566 1611,2506"/>
                    <TextEquiv>
                        <Unicode>ist</Unicode>
                    </TextEquiv>
                </Word>
                <Word id="r_11_tl_44_w5" custom="readingOrder {index:4;}">
                    <Coords points="1629,2506 1629,2566 1695,2566 1695,2506"/>
                    <TextEquiv>
                        <Unicode>was</Unicode>
                    </TextEquiv>
                </Word>
                <Word id="r_11_tl_44_w6" custom="readingOrder {index:5;}">
                    <Coords points="1719,2512 1719,2572 1754,2572 1754,2512"/>
                    <TextEquiv>
                        <Unicode>sie</Unicode>
                    </TextEquiv>
                </Word>
                <Word id="r_11_tl_44_w7" custom="readingOrder {index:6;}">
                    <Coords points="1778,2514 1778,2574 1843,2574 1843,2514"/>
                    <TextEquiv>
                        <Unicode>seyn</Unicode>
                    </TextEquiv>
                </Word>
                <Word id="r_11_tl_44_w8" custom="readingOrder {index:7;}">
                    <Coords points="1873,2510 1873,2570 1950,2570 1950,2510"/>
                    <TextEquiv>
                        <Unicode>soll,</Unicode>
                    </TextEquiv>
                </Word>
                <Word id="r_11_tl_44_w9" custom="readingOrder {index:8;}">
                    <Coords points="1981,2512 1981,2572 2039,2572 2039,2512"/>
                    <TextEquiv>
                        <Unicode>nur</Unicode>
                    </TextEquiv>
                </Word>
                <Word id="r_11_tl_44_w10" custom="readingOrder {index:9;}">
                    <Coords points="2075,2515 2075,2575 2122,2575 2122,2515"/>
                    <TextEquiv>
                        <Unicode>der</Unicode>
                    </TextEquiv>
                </Word>
                <Word id="r_11_tl_44_w11" custom="readingOrder {index:10;}">
                    <Coords points="2153,2518 2153,2578 2188,2578 2188,2518"/>
                    <TextEquiv>
                        <Unicode>ist</Unicode>
                    </TextEquiv>
                </Word>
                <Word id="r_11_tl_44_w12" custom="readingOrder {index:11;}">
                    <Coords points="2218,2518 2218,2578 2300,2578 2300,2518"/>
                    <TextEquiv>
                        <Unicode>nicht</Unicode>
                    </TextEquiv>
                </Word>
                <TextEquiv>
                    <Unicode>sie thun, und ist was sie seyn soll, nur der ist nicht</Unicode>
                </TextEquiv>
            </TextLine>
            <TextLine id="r_11_tl_45" custom="readingOrder {index:44;}">
                <Coords points="1297,2606 2307,2625 2307,2574 2206,2561 2106,2589 2051,2555 1297,2566"/>
                <Baseline points="1304,2603 1349,2603 1394,2600 1439,2600 1483,2600 1528,2600 1573,2597 1618,2597 1662,2594 1707,2600 1752,2600 1797,2603 1842,2603 1886,2600 1931,2600 1976,2603 2021,2600 2065,2603 2110,2603 2155,2606 2200,2609 2245,2606 2289,2606 2310,2609"/>
                <Word id="r_11_tl_45_w1" custom="readingOrder {index:0;}">
                    <Coords points="1297,2563 1297,2623 1362,2623 1362,2563"/>
                    <TextEquiv>
                        <Unicode>was</Unicode>
                    </TextEquiv>
                </Word>
                <Word id="r_11_tl_45_w2" custom="readingOrder {index:1;}">
                    <Coords points="1390,2560 1390,2620 1417,2620 1417,2560"/>
                    <TextEquiv>
                        <Unicode>er</Unicode>
                    </TextEquiv>
                </Word>
                <Word id="r_11_tl_45_w3" custom="readingOrder {index:2;}">
                    <Coords points="1450,2560 1450,2620 1520,2620 1520,2560"/>
                    <TextEquiv>
                        <Unicode>seyn</Unicode>
                    </TextEquiv>
                </Word>
                <Word id="r_11_tl_45_w4" custom="readingOrder {index:3;}">
                    <Coords points="1553,2557 1553,2617 1634,2617 1634,2557"/>
                    <TextEquiv>
                        <Unicode>soll,</Unicode>
                    </TextEquiv>
                </Word>
                <Word id="r_11_tl_45_w5" custom="readingOrder {index:4;}">
                    <Coords points="1657,2556 1657,2616 1711,2616 1711,2556"/>
                    <TextEquiv>
                        <Unicode>der</Unicode>
                    </TextEquiv>
                </Word>
                <Word id="r_11_tl_45_w6" custom="readingOrder {index:5;}">
                    <Coords points="1739,2560 1739,2620 1765,2620 1765,2560"/>
                    <TextEquiv>
                        <Unicode>in</Unicode>
                    </TextEquiv>
                </Word>
                <Word id="r_11_tl_45_w7" custom="readingOrder {index:6;}">
                    <Coords points="1804,2562 1804,2622 1885,2622 1885,2562"/>
                    <TextEquiv>
                        <Unicode>einem</Unicode>
                    </TextEquiv>
                </Word>
                <Word id="r_11_tl_45_w8" custom="readingOrder {index:7;}">
                    <Coords points="1935,2560 1935,2620 2119,2620 2119,2560"/>
                    <TextEquiv>
                        <Unicode>müßigen,</Unicode>
                    </TextEquiv>
                </Word>
                <Word id="r_11_tl_45_w9" custom="readingOrder {index:8;}">
                    <Coords points="2147,2567 2147,2627 2304,2627 2304,2567"/>
                    <TextEquiv>
                        <Unicode>wollüsti¬</Unicode>
                    </TextEquiv>
                </Word>
                <TextEquiv>
                    <Unicode>was er seyn soll, der in einem müßigen, wollüsti¬</Unicode>
                </TextEquiv>
            </TextLine>
            <TextLine id="r_11_tl_46" custom="readingOrder {index:45;}">
                <Coords points="1294,2666 2301,2665 2301,2625 2224,2616 1294,2616"/>
                <Baseline points="1301,2654 1346,2651 1391,2651 1436,2651 1480,2651 1525,2648 1570,2645 1615,2645 1659,2648 1704,2651 1749,2651 1794,2654 1839,2654 1883,2651 1928,2651 1973,2651 2018,2654 2063,2654 2107,2657 2152,2657 2197,2657 2242,2654 2286,2657 2304,2657"/>
                <Word id="r_11_tl_46_w1" custom="readingOrder {index:0;}">
                    <Coords points="1295,2612 1295,2672 1351,2672 1351,2612"/>
                    <TextEquiv>
                        <Unicode>gen</Unicode>
                    </TextEquiv>
                </Word>
                <Word id="r_11_tl_46_w2" custom="readingOrder {index:1;}">
                    <Coords points="1380,2611 1380,2671 1470,2671 1470,2611"/>
                    <TextEquiv>
                        <Unicode>Leben</Unicode>
                    </TextEquiv>
                </Word>
                <Word id="r_11_tl_46_w3" custom="readingOrder {index:2;}">
                    <Coords points="1504,2606 1504,2666 1583,2666 1583,2606"/>
                    <TextEquiv>
                        <Unicode>seine</Unicode>
                    </TextEquiv>
                </Word>
                <Word id="r_11_tl_46_w4" custom="readingOrder {index:3;}">
                    <Coords points="1607,2606 1607,2666 1680,2666 1680,2606"/>
                    <TextEquiv>
                        <Unicode>Zeit</Unicode>
                    </TextEquiv>
                </Word>
                <Word id="r_11_tl_46_w5" custom="readingOrder {index:4;}">
                    <Coords points="1697,2613 1697,2673 1890,2673 1890,2613"/>
                    <TextEquiv>
                        <Unicode>hinbringt,</Unicode>
                    </TextEquiv>
                </Word>
                <Word id="r_11_tl_46_w6" custom="readingOrder {index:5;}">
                    <Coords points="1919,2611 1919,2671 1975,2671 1975,2611"/>
                    <TextEquiv>
                        <Unicode>und</Unicode>
                    </TextEquiv>
                </Word>
                <Word id="r_11_tl_46_w7" custom="readingOrder {index:6;}">
                    <Coords points="2004,2614 2004,2674 2100,2674 2100,2614"/>
                    <TextEquiv>
                        <Unicode>nichts</Unicode>
                    </TextEquiv>
                </Word>
                <Word id="r_11_tl_46_w8" custom="readingOrder {index:7;}">
                    <Coords points="2129,2617 2129,2677 2185,2677 2185,2617"/>
                    <TextEquiv>
                        <Unicode>zur</Unicode>
                    </TextEquiv>
                </Word>
                <Word id="r_11_tl_46_w9" custom="readingOrder {index:8;}">
                    <Coords points="2208,2614 2208,2674 2292,2674 2292,2614"/>
                    <TextEquiv>
                        <Unicode>Ehre</Unicode>
                    </TextEquiv>
                </Word>
                <TextEquiv>
                    <Unicode>gen Leben seine Zeit hinbringt, und nichts zur Ehre</Unicode>
                </TextEquiv>
            </TextLine>
            <TextLine id="r_11_tl_47" custom="readingOrder {index:46;}">
                <Coords points="1294,2713 2301,2723 2300,2670 1293,2664"/>
                <Baseline points="1301,2698 1346,2698 1391,2698 1436,2698 1480,2698 1525,2695 1570,2692 1615,2692 1659,2695 1704,2695 1749,2701 1794,2698 1839,2701 1883,2698 1928,2701 1973,2701 2018,2701 2063,2704 2107,2704 2152,2704 2197,2704 2242,2704 2286,2704 2304,2701"/>
                <Word id="r_11_tl_47_w1" custom="readingOrder {index:0;}">
                    <Coords points="1294,2658 1294,2718 1457,2718 1457,2658"/>
                    <TextEquiv>
                        <Unicode>GOttes,</Unicode>
                    </TextEquiv>
                </Word>
                <Word id="r_11_tl_47_w2" custom="readingOrder {index:1;}">
                    <Coords points="1492,2655 1492,2715 1554,2715 1554,2655"/>
                    <TextEquiv>
                        <Unicode>und</Unicode>
                    </TextEquiv>
                </Word>
                <Word id="r_11_tl_47_w3" custom="readingOrder {index:2;}">
                    <Coords points="1589,2652 1589,2712 1645,2712 1645,2652"/>
                    <TextEquiv>
                        <Unicode>zur</Unicode>
                    </TextEquiv>
                </Word>
                <Word id="r_11_tl_47_w4" custom="readingOrder {index:3;}">
                    <Coords points="1674,2660 1674,2720 1850,2720 1850,2660"/>
                    <TextEquiv>
                        <Unicode>Wohlfart</Unicode>
                    </TextEquiv>
                </Word>
                <Word id="r_11_tl_47_w5" custom="readingOrder {index:4;}">
                    <Coords points="1879,2660 1879,2720 1974,2720 1974,2660"/>
                    <TextEquiv>
                        <Unicode>seiner</Unicode>
                    </TextEquiv>
                </Word>
                <Word id="r_11_tl_47_w6" custom="readingOrder {index:5;}">
                    <Coords points="2009,2664 2009,2724 2298,2724 2298,2664"/>
                    <TextEquiv>
                        <Unicode>Nebengeschöpfe</Unicode>
                    </TextEquiv>
                </Word>
                <TextEquiv>
                    <Unicode>GOttes, und zur Wohlfart seiner Nebengeschöpfe</Unicode>
                </TextEquiv>
            </TextLine>
            <TextLine id="r_11_tl_48" custom="readingOrder {index:47;}">
                <Coords points="1297,2761 2219,2773 2295,2763 2295,2719 1295,2715"/>
                <Baseline points="1304,2749 1349,2749 1394,2749 1439,2743 1483,2743 1528,2743 1573,2743 1618,2743 1662,2746 1707,2746 1752,2749 1797,2749 1842,2749 1886,2749 1931,2749 1976,2749 2021,2752 2065,2752 2110,2752 2155,2752 2200,2755 2245,2752 2289,2752 2298,2752"/>
                <Word id="r_11_tl_48_w1" custom="readingOrder {index:0;}">
                    <Coords points="1290,2709 1290,2769 1381,2769 1381,2709"/>
                    <TextEquiv>
                        <Unicode>thut.</Unicode>
                    </TextEquiv>
                </Word>
                <Word id="r_11_tl_48_w2" custom="readingOrder {index:1;}">
                    <Coords points="1427,2703 1427,2763 1500,2763 1500,2703"/>
                    <TextEquiv>
                        <Unicode>Die</Unicode>
                    </TextEquiv>
                </Word>
                <Word id="r_11_tl_48_w3" custom="readingOrder {index:2;}">
                    <Coords points="1523,2703 1523,2763 1688,2763 1688,2703"/>
                    <TextEquiv>
                        <Unicode>Knechte,</Unicode>
                    </TextEquiv>
                </Word>
                <Word id="r_11_tl_48_w4" custom="readingOrder {index:3;}">
                    <Coords points="1711,2707 1711,2767 1762,2767 1762,2707"/>
                    <TextEquiv>
                        <Unicode>die</Unicode>
                    </TextEquiv>
                </Word>
                <Word id="r_11_tl_48_w5" custom="readingOrder {index:4;}">
                    <Coords points="1785,2709 1785,2769 1939,2769 1939,2709"/>
                    <TextEquiv>
                        <Unicode>Yezids</Unicode>
                    </TextEquiv>
                </Word>
                <Word id="r_11_tl_48_w6" custom="readingOrder {index:5;}">
                    <Coords points="1979,2712 1979,2772 2132,2772 2132,2712"/>
                    <TextEquiv>
                        <Unicode>Kameele</Unicode>
                    </TextEquiv>
                </Word>
                <Word id="r_11_tl_48_w7" custom="readingOrder {index:6;}">
                    <Coords points="2162,2713 2162,2773 2297,2773 2297,2713"/>
                    <TextEquiv>
                        <Unicode>führen,</Unicode>
                    </TextEquiv>
                </Word>
                <TextEquiv>
                    <Unicode>thut. Die Knechte, die Yezids Kameele führen,</Unicode>
                </TextEquiv>
            </TextLine>
            <TextLine id="r_11_tl_49" custom="readingOrder {index:48;}">
                <Coords points="1297,2814 2298,2803 2272,2758 1520,2743 1297,2774"/>
                <Baseline points="1304,2800 1316,2797 1361,2794 1406,2794 1450,2791 1495,2791 1540,2791 1585,2791 1630,2791 1674,2797 1719,2797 1764,2800 1809,2797 1854,2800 1898,2797 1943,2800 1988,2800 2033,2800 2077,2800 2122,2800 2167,2800 2212,2800 2257,2797 2301,2794"/>
                <Word id="r_11_tl_49_w1" custom="readingOrder {index:0;}">
                    <Coords points="1292,2756 1292,2816 1350,2816 1350,2756"/>
                    <TextEquiv>
                        <Unicode>und</Unicode>
                    </TextEquiv>
                </Word>
                <Word id="r_11_tl_49_w2" custom="readingOrder {index:1;}">
                    <Coords points="1377,2753 1377,2813 1456,2813 1456,2753"/>
                    <TextEquiv>
                        <Unicode>seine</Unicode>
                    </TextEquiv>
                </Word>
                <Word id="r_11_tl_49_w3" custom="readingOrder {index:2;}">
                    <Coords points="1483,2751 1483,2811 1604,2811 1604,2751"/>
                    <TextEquiv>
                        <Unicode>Pferde</Unicode>
                    </TextEquiv>
                </Word>
                <Word id="r_11_tl_49_w4" custom="readingOrder {index:3;}">
                    <Coords points="1626,2757 1626,2817 1774,2817 1774,2757"/>
                    <TextEquiv>
                        <Unicode>füttern,</Unicode>
                    </TextEquiv>
                </Word>
                <Word id="r_11_tl_49_w5" custom="readingOrder {index:4;}">
                    <Coords points="1802,2758 1802,2818 1860,2818 1860,2758"/>
                    <TextEquiv>
                        <Unicode>sind</Unicode>
                    </TextEquiv>
                </Word>
                <Word id="r_11_tl_49_w6" custom="readingOrder {index:5;}">
                    <Coords points="1887,2760 1887,2820 2051,2820 2051,2760"/>
                    <TextEquiv>
                        <Unicode>genennet</Unicode>
                    </TextEquiv>
                </Word>
                <Word id="r_11_tl_49_w7" custom="readingOrder {index:6;}">
                    <Coords points="2068,2760 2068,2820 2227,2820 2227,2760"/>
                    <TextEquiv>
                        <Unicode>worden;</Unicode>
                    </TextEquiv>
                </Word>
                <Word id="r_11_tl_49_w8" custom="readingOrder {index:7;}">
                    <Coords points="2259,2755 2259,2815 2290,2815 2290,2755"/>
                    <TextEquiv>
                        <Unicode>er</Unicode>
                    </TextEquiv>
                </Word>
                <TextEquiv>
                    <Unicode>und seine Pferde füttern, sind genennet worden; er</Unicode>
                </TextEquiv>
            </TextLine>
            <TextLine id="r_11_tl_50" custom="readingOrder {index:49;}">
                <Coords points="1288,2851 2295,2851 2263,2803 1288,2810"/>
                <Baseline points="1295,2845 1313,2848 1358,2848 1403,2845 1447,2842 1492,2839 1537,2839 1582,2842 1627,2842 1671,2845 1716,2848 1761,2845 1806,2845 1851,2845 1895,2848 1940,2848 1985,2848 2030,2848 2074,2851 2119,2851 2164,2848 2209,2845 2254,2845 2298,2842"/>
                <Word id="r_11_tl_50_w1" custom="readingOrder {index:0;}">
                    <Coords points="1294,2808 1294,2868 1390,2868 1390,2808"/>
                    <TextEquiv>
                        <Unicode>nicht.</Unicode>
                    </TextEquiv>
                </Word>
                <Word id="r_11_tl_50_w2" custom="readingOrder {index:1;}">
                    <Coords points="1442,2799 1442,2859 1532,2859 1532,2799"/>
                    <TextEquiv>
                        <Unicode>Aber</Unicode>
                    </TextEquiv>
                </Word>
                <Word id="r_11_tl_50_w3" custom="readingOrder {index:2;}">
                    <Coords points="1549,2802 1549,2862 1634,2862 1634,2802"/>
                    <TextEquiv>
                        <Unicode>jedes</Unicode>
                    </TextEquiv>
                </Word>
                <Word id="r_11_tl_50_w4" custom="readingOrder {index:3;}">
                    <Coords points="1663,2807 1663,2867 1776,2867 1776,2807"/>
                    <TextEquiv>
                        <Unicode>Korn,</Unicode>
                    </TextEquiv>
                </Word>
                <Word id="r_11_tl_50_w5" custom="readingOrder {index:4;}">
                    <Coords points="1805,2805 1805,2865 1866,2865 1866,2805"/>
                    <TextEquiv>
                        <Unicode>jede</Unicode>
                    </TextEquiv>
                </Word>
                <Word id="r_11_tl_50_w6" custom="readingOrder {index:5;}">
                    <Coords points="1890,2808 1890,2868 2020,2868 2020,2808"/>
                    <TextEquiv>
                        <Unicode>Fliege,</Unicode>
                    </TextEquiv>
                </Word>
                <Word id="r_11_tl_50_w7" custom="readingOrder {index:6;}">
                    <Coords points="2049,2810 2049,2870 2196,2870 2196,2810"/>
                    <TextEquiv>
                        <Unicode>verdient</Unicode>
                    </TextEquiv>
                </Word>
                <Word id="r_11_tl_50_w8" custom="readingOrder {index:7;}">
                    <Coords points="2219,2805 2219,2865 2286,2865 2286,2805"/>
                    <TextEquiv>
                        <Unicode>eher</Unicode>
                    </TextEquiv>
                </Word>
                <TextEquiv>
                    <Unicode>nicht. Aber jedes Korn, jede Fliege, verdient eher</Unicode>
                </TextEquiv>
            </TextLine>
            <TextLine id="r_11_tl_51" custom="readingOrder {index:50;}">
                <Coords points="1288,2905 2295,2903 2295,2858 2222,2850 1288,2867"/>
                <Baseline points="1295,2898 1313,2898 1358,2895 1403,2892 1447,2889 1492,2889 1537,2889 1582,2889 1627,2892 1671,2892 1716,2895 1761,2892 1806,2892 1851,2895 1895,2895 1940,2895 1985,2898 2030,2898 2074,2895 2119,2895 2164,2892 2209,2892 2254,2892 2298,2895"/>
                <Word id="r_11_tl_51_w1" custom="readingOrder {index:0;}">
                    <Coords points="1292,2854 1292,2914 1439,2914 1439,2854"/>
                    <TextEquiv>
                        <Unicode>genennt</Unicode>
                    </TextEquiv>
                </Word>
                <Word id="r_11_tl_51_w2" custom="readingOrder {index:1;}">
                    <Coords points="1454,2849 1454,2909 1483,2909 1483,2849"/>
                    <TextEquiv>
                        <Unicode>zu</Unicode>
                    </TextEquiv>
                </Word>
                <Word id="r_11_tl_51_w3" custom="readingOrder {index:2;}">
                    <Coords points="1513,2849 1513,2909 1660,2909 1660,2849"/>
                    <TextEquiv>
                        <Unicode>werden,</Unicode>
                    </TextEquiv>
                </Word>
                <Word id="r_11_tl_51_w4" custom="readingOrder {index:3;}">
                    <Coords points="1690,2854 1690,2914 1734,2914 1734,2854"/>
                    <TextEquiv>
                        <Unicode>als</Unicode>
                    </TextEquiv>
                </Word>
                <Word id="r_11_tl_51_w5" custom="readingOrder {index:4;}">
                    <Coords points="1759,2852 1759,2912 1817,2912 1817,2852"/>
                    <TextEquiv>
                        <Unicode>er,</Unicode>
                    </TextEquiv>
                </Word>
                <Word id="r_11_tl_51_w6" custom="readingOrder {index:5;}">
                    <Coords points="1842,2855 1842,2915 1876,2915 1876,2855"/>
                    <TextEquiv>
                        <Unicode>da</Unicode>
                    </TextEquiv>
                </Word>
                <Word id="r_11_tl_51_w7" custom="readingOrder {index:6;}">
                    <Coords points="1911,2855 1911,2915 1940,2915 1940,2855"/>
                    <TextEquiv>
                        <Unicode>es</Unicode>
                    </TextEquiv>
                </Word>
                <Word id="r_11_tl_51_w8" custom="readingOrder {index:7;}">
                    <Coords points="1970,2857 1970,2917 1999,2917 1999,2857"/>
                    <TextEquiv>
                        <Unicode>in</Unicode>
                    </TextEquiv>
                </Word>
                <Word id="r_11_tl_51_w9" custom="readingOrder {index:8;}">
                    <Coords points="2034,2855 2034,2915 2087,2915 2087,2855"/>
                    <TextEquiv>
                        <Unicode>der</Unicode>
                    </TextEquiv>
                </Word>
                <Word id="r_11_tl_51_w10" custom="readingOrder {index:9;}">
                    <Coords points="2112,2852 2112,2912 2205,2912 2205,2852"/>
                    <TextEquiv>
                        <Unicode>Kette</Unicode>
                    </TextEquiv>
                </Word>
                <Word id="r_11_tl_51_w11" custom="readingOrder {index:10;}">
                    <Coords points="2235,2852 2235,2912 2289,2912 2289,2852"/>
                    <TextEquiv>
                        <Unicode>der</Unicode>
                    </TextEquiv>
                </Word>
                <TextEquiv>
                    <Unicode>genennt zu werden, als er, da es in der Kette der</Unicode>
                </TextEquiv>
            </TextLine>
            <TextLine id="r_11_tl_52" custom="readingOrder {index:51;}">
                <Coords points="1282,2982 1483,2944 1614,2972 2300,2959 2300,2905 2208,2898 1282,2916"/>
                <Baseline points="1289,2943 1334,2943 1379,2943 1424,2940 1468,2940 1513,2940 1558,2940 1603,2943 1648,2946 1692,2943 1737,2943 1782,2946 1827,2946 1871,2946 1916,2949 1961,2949 2006,2946 2051,2946 2095,2946 2140,2943 2185,2943 2230,2940 2274,2943 2304,2943"/>
                <Word id="r_11_tl_52_w1" custom="readingOrder {index:0;}">
                    <Coords points="1289,2903 1289,2963 1404,2963 1404,2903"/>
                    <TextEquiv>
                        <Unicode>Dinge</Unicode>
                    </TextEquiv>
                </Word>
                <Word id="r_11_tl_52_w2" custom="readingOrder {index:1;}">
                    <Coords points="1435,2900 1435,2960 1486,2960 1486,2900"/>
                    <TextEquiv>
                        <Unicode>das</Unicode>
                    </TextEquiv>
                </Word>
                <Word id="r_11_tl_52_w3" custom="readingOrder {index:2;}">
                    <Coords points="1510,2900 1510,2960 1574,2960 1574,2900"/>
                    <TextEquiv>
                        <Unicode>ist,</Unicode>
                    </TextEquiv>
                </Word>
                <Word id="r_11_tl_52_w4" custom="readingOrder {index:3;}">
                    <Coords points="1598,2904 1598,2964 1667,2964 1667,2904"/>
                    <TextEquiv>
                        <Unicode>was</Unicode>
                    </TextEquiv>
                </Word>
                <Word id="r_11_tl_52_w5" custom="readingOrder {index:4;}">
                    <Coords points="1691,2903 1691,2963 1720,2963 1720,2903"/>
                    <TextEquiv>
                        <Unicode>es</Unicode>
                    </TextEquiv>
                </Word>
                <Word id="r_11_tl_52_w6" custom="readingOrder {index:5;}">
                    <Coords points="1750,2905 1750,2965 1813,2965 1813,2905"/>
                    <TextEquiv>
                        <Unicode>seyn</Unicode>
                    </TextEquiv>
                </Word>
                <Word id="r_11_tl_52_w7" custom="readingOrder {index:6;}">
                    <Coords points="1848,2906 1848,2966 1918,2966 1918,2906"/>
                    <TextEquiv>
                        <Unicode>soll.</Unicode>
                    </TextEquiv>
                </Word>
                <Word id="r_11_tl_52_w8" custom="readingOrder {index:7;}">
                    <Coords points="1982,2906 1982,2966 2069,2966 2069,2906"/>
                    <TextEquiv>
                        <Unicode>Aber</Unicode>
                    </TextEquiv>
                </Word>
                <Word id="r_11_tl_52_w9" custom="readingOrder {index:8;}">
                    <Coords points="2099,2903 2099,2963 2227,2963 2227,2903"/>
                    <TextEquiv>
                        <Unicode>Yezid</Unicode>
                    </TextEquiv>
                </Word>
                <Word id="r_11_tl_52_w10" custom="readingOrder {index:9;}">
                    <Coords points="2262,2903 2262,2963 2296,2963 2296,2903"/>
                    <TextEquiv>
                        <Unicode>ist</Unicode>
                    </TextEquiv>
                </Word>
                <TextEquiv>
                    <Unicode>Dinge das ist, was es seyn soll. Aber Yezid ist</Unicode>
                </TextEquiv>
            </TextLine>
            <TextLine id="r_11_tl_53" custom="readingOrder {index:52;}">
                <Coords points="2196,3008 2209,3008 2238,3024 2254,3025 2262,3024 2287,3004 2298,3004 2296,2958 2283,2958 2276,2964 2260,2954 2247,2956 2240,2952 2219,2964 2195,2962"/>
                <Baseline points="2203,2994 2248,2997 2292,2997 2301,2997"/>
                <Word id="r_11_tl_53_w1" custom="readingOrder {index:0;}">
                    <Coords points="2203,2957 2203,3017 2293,3017 2293,2957"/>
                    <TextEquiv>
                        <Unicode>nicht</Unicode>
                    </TextEquiv>
                </Word>
                <TextEquiv>
                    <Unicode>nicht</Unicode>
                </TextEquiv>
            </TextLine>
            <TextEquiv>
                <Unicode></Unicode>
            </TextEquiv>
        </TextRegion>
    </Page>
</PcGts>
