2479 3508
203 330 350 390 erzählt.
396 330 472 390 Der
492 324 594 384 Verf.
614 321 697 381 hatte
723 315 838 375 bereits
871 317 902 377 im
942 318 1134 378 Vorbericht
1154 317 1198 377 er¬

196 379 320 439 innert,
341 378 394 438 daß
428 377 454 437 er
474 371 593 431 hiemit
614 367 659 427 das
694 366 766 426 Feld
793 366 858 426 noch
887 366 972 426 nicht
986 366 1144 426 erschöpft
1158 366 1184 426 zu

195 426 296 486 haben
330 425 456 485 glaube,
477 415 603 475 sondern
636 413 661 473 in
700 412 795 472 seiner
828 416 1019 476 zahlreichen
1051 415 1198 475 Bücher¬

195 476 375 536 sammlung
400 467 462 527 noch
488 462 543 522 viel
562 461 787 521 Erfahrungen
812 465 1011 525 übergangen
1037 464 1129 524 habe,
1142 461 1185 521 die

200 524 233 584 er
257 521 313 581 aus
337 514 485 574 Mangel
503 509 536 569 an
566 509 634 569 Zeit
658 509 737 569 nicht
755 509 920 569 nachsehen
949 512 1081 572 konnte.
1110 512 1189 572 Das

200 568 353 628 zweyte
376 561 462 621 Buch
491 557 593 617 liefert
617 557 679 617 eine
696 560 1033 620 Betrachtungslehre
1057 561 1119 621 und
1148 559 1193 619 die

199 611 431 671 Heilungsart
453 603 547 663 dieser
575 607 779 667 periodischen
813 607 1050 667 Krankheiten.
1106 607 1188 667 Das

198 659 274 719 erste
302 654 389 714 Kap.
417 652 537 712 erklärt
560 652 631 712 ihre
653 655 784 715 Natur.
834 658 1030 718 Ungeachtet
1059 655 1101 715 sich
1140 655 1189 715 bey

201 703 407 763 periodischen
444 700 587 760 Zufällen
624 702 677 762 gar
710 703 773 763 kein
805 703 947 763 Fieber,
969 706 1042 766 oder
1070 706 1196 766 wenig¬

198 749 283 809 stens
309 748 363 808 nur
389 748 429 808 ein
460 748 686 808 unmerklicher
713 748 803 808 Grad
829 752 969 812 desselben
1000 751 1136 811 äußert,
1162 752 1186 812 so

198 798 296 858 haben
328 795 363 855 sie
385 796 446 856 doch
467 795 529 855 mit
545 797 591 857 den
612 798 865 858 Wechselfiebern
892 801 984 861 große
1001 799 1181 859 Verwandt

203 846 314 906 schaft,
330 843 441 903 welche
463 843 547 903 durch
574 845 648 905 fünf
669 846 817 906 Beweise
839 848 1034 908 dargethan,
1057 846 1114 906 und
1146 845 1199 905 da¬

203 894 254 954 bey
286 891 409 951 gezeigt
435 891 539 951 wird,
560 894 616 954 daß
653 894 746 954 beyde
778 895 865 955 unter
902 897 964 957 eine
985 894 1191 954 Hauptklasse

199 942 356 1002 gehören.
379 942 525 1002 Hierauf
543 945 629 1005 führt
646 945 689 1005 der
712 945 809 1005 Verf.
821 945 864 1005 die
881 945 1055 1005 Gedanken
1077 945 1191 1005 andrer

199 990 487 1050 Arzneygelehrten
514 992 572 1052 mit
595 995 690 1055 seinen
718 995 1001 1055 Beurtheilungen
1034 994 1097 1054 an;
1130 995 1188 1055 und

203 1040 287 1100 giebt
309 1043 415 1103 zuletzt
437 1043 484 1103 die
512 1046 681 1106 besondern
713 1046 947 1106 Abtheilungen
985 1043 1031 1103 der
1059 1043 1186 1103 periodi

199 1091 281 1151 schen
309 1094 547 1154 Krankheiten.
598 1094 675 1154 Das
709 1097 824 1157 zweyte
847 1097 935 1157 Kap.
964 1096 1096 1156 handelt
1124 1094 1190 1154 ihre

193 1142 433 1202 Kennzeichen,
454 1142 506 1202 das
533 1142 626 1202 dritte
648 1142 715 1202 ihre
742 1144 893 1204 Ursachen
920 1145 976 1205 ab.
1024 1145 1112 1205 Man
1144 1142 1201 1202 hat

197 1190 310 1250 immer
336 1190 380 1250 den
410 1187 602 1247 Gestirnen,
612 1188 735 1248 Sonne
761 1190 819 1250 und
840 1193 963 1253 Mond,
983 1190 1027 1250 die
1047 1190 1131 1250 Ehre
1151 1188 1200 1248 er¬

198 1237 334 1297 wiesen,
349 1234 385 1294 sie
411 1234 435 1294 zu
466 1231 623 1291 Urhebern
659 1234 705 1294 der
735 1234 943 1294 periodischen
974 1235 1186 1295 Krankheiten

205 1285 234 1345 zu
259 1280 401 1340 machen.
451 1276 525 1336 Vom
565 1279 746 1339 Aristoteles
777 1282 830 1342 an,
850 1280 894 1340 bis
920 1279 998 1339 nahe
1023 1279 1052 1339 an
1082 1280 1190 1340 unsern

202 1327 341 1387 Zeiten,
370 1324 427 1384 hat
451 1324 518 1384 man
557 1325 619 1385 dies
644 1327 768 1387 treulich
802 1324 969 1384 geglaubt.
1022 1324 1190 1384 Niemand

197 1372 271 1432 aber
296 1370 350 1430 hat
370 1369 399 1429 es
424 1369 483 1429 mit
503 1369 631 1429 größrer
651 1372 755 1432 Kunst
775 1369 948 1429 darzuthun
978 1366 1130 1426 gesuchet,
1146 1369 1189 1429 als

195 1418 245 1478 der
271 1416 418 1476 bekannte
444 1413 596 1473 englische
617 1416 708 1476 Arzt,
729 1416 871 1476 Richard
897 1414 1013 1474 Nead,
1034 1413 1085 1473 der
1111 1413 1186 1473 dazu

198 1465 450 1525 mathematische
476 1464 613 1524 Gründe
634 1464 806 1524 aufbietet,
827 1463 877 1523 so,
898 1463 953 1523 daß
984 1461 1029 1521 er,
1050 1461 1110 1521 wie
1136 1460 1186 1520 der

199 1515 304 1575 Verf.
321 1515 365 1575 sich
393 1512 582 1572 ausdrückt,
599 1513 676 1573 einen
705 1512 943 1572 Philosophen,
961 1512 1010 1572 der
1033 1512 1093 1572 kein
1122 1512 1193 1572 Arzt

194 1566 297 1626 wäre,
314 1566 400 1626 leicht
423 1565 586 1625 verführen
619 1563 750 1623 könnte.
794 1562 875 1622 Daß
903 1563 973 1623 aber
996 1560 1044 1620 die
1067 1560 1175 1620 Gestir

199 1613 236 1673 ne
258 1616 317 1676 mit
340 1614 388 1674 den
416 1616 623 1676 periodischen
650 1615 856 1675 Krankheiten
889 1613 987 1673 nichts
1009 1612 1041 1672 zu
1064 1613 1188 1673 schaffen

199 1670 326 1730 haben,
344 1668 420 1728 wird
443 1667 537 1727 daher
560 1667 726 1727 erwiesen,
743 1668 821 1728 weil
838 1667 921 1727 zwar
944 1667 988 1727 die
1010 1664 1149 1724 letztern,
1166 1662 1193 1722 so

467 1846 660 1906 Berlin,
677 1846 732 1906 den
765 1846 829 1906 14.
854 1847 942 1907 Jul.

235 1897 331 1957 „Den
370 1894 458 1954 18ten
489 1891 721 1951 Nachmittags
752 1888 841 1948 gegen
880 1888 894 1948 4
925 1888 1014 1948 Uhr,
1037 1888 1119 1948 ward
1150 1888 1179 1948 zu

193 1997 283 2057 nigs,
309 1995 399 2055 Ihro
424 1987 522 2047 Maj.
541 1984 589 2044 der
608 1984 772 2044 Königin,
797 1981 851 2041 des
871 1981 1022 2041 gesamten
1053 1981 1193 2041 Königl.

199 2088 248 2148 der
271 2085 443 2145 sämtlichen
477 2082 498 2142 in
544 2081 604 2141 und
638 2082 882 2142 ausländischen
916 2077 1093 2137 Ministers
1127 2075 1182 2135 und

200 2133 381 2193 Generals,
404 2132 455 2192 die
485 2133 672 2193 Verlobung
701 2133 843 2193 zwischen
872 2130 922 2190 des
952 2129 1094 2189 Prinzen
1129 2124 1179 2184 von

200 2184 350 2244 Preussen
381 2184 519 2244 Königl.
538 2184 659 2244 Hoheit
678 2184 737 2244 und
762 2184 810 2244 der
829 2181 1003 2241 Prinzeßin
1028 2178 1179 2238 Elisabetl

199 2235 360 2295 Christine
382 2231 438 2291 von
466 2232 722 2292 Braunschweig
750 2231 895 2291 Durchl.
912 2229 1090 2289 vollzogen.
1118 2226 1184 2286 Aus

202 2288 350 2348 Preussen
374 2282 427 2342 hat
446 2282 504 2342 man
535 2282 576 2342 die
588 2279 760 2339 Nachricht
778 2279 825 2339 daß
850 2279 980 2339 daselbst
998 2275 1045 2335 des
1064 2273 1193 2333 Königl.

202 2336 334 2396 Preuß.
352 2333 485 2393 wirklich
514 2328 685 2388 geheimten
720 2327 864 2387 Staats=
887 2328 948 2388 und
977 2322 1199 2382 Kriegsmini¬

205 2383 281 2443 sters
306 2384 364 2444 und
394 2379 600 2439 Präsidenten
630 2375 677 2435 der
707 2375 883 2435 Kammern
913 2377 942 2437 zu
967 2374 1078 2434 Cleve,
1096 2370 1172 2430 Min

199 2432 274 2492 den,
313 2429 563 2489 Ravensberg,
590 2420 834 2480 Tecklenburg,
868 2426 1036 2486 Moeurs,
1069 2418 1182 2478 Lingen

203 2475 261 2535 und
288 2473 341 2533 der
363 2476 553 2536 Grafschaft
575 2472 686 2532 Marck
713 2469 771 2529 wie
793 2473 861 2533 auch
894 2473 946 2533 der
968 2466 1185 2526 Gelderischen

191 2524 398 2584 Commißion
426 2523 538 2583 Fried.
550 2521 661 2581 Wilh.
673 2518 846 2578 Freyherrn
881 2524 936 2584 von
959 2517 1082 2577 Rochow
1116 2515 1194 2575 Exc.

204 2572 258 2632 auf
280 2571 344 2631 dero
372 2569 464 2629 Gute
486 2568 659 2628 Ernstburg
686 2566 713 2626 im
752 2572 854 2632 75sten
887 2572 974 2632 Jahr
996 2565 1060 2625 dero
1077 2563 1185 2623 Alters

199 2623 258 2683 mit
280 2620 367 2680 Tode
390 2617 612 2677 abgegangen.
662 2612 781 2672 Dieser
809 2620 913 2680 Tagen
935 2617 983 2677 kam
1027 2614 1076 2674 der
1099 2611 1190 2671 Ruß.

198 2670 389 2730 Kaiserliche
417 2663 649 2723 Kammerherr
671 2658 765 2718 Graf
787 2665 847 2725 von
883 2666 1081 2726 Schuwalow
1129 2660 1190 2720 mit

201 2724 299 2784 seiner
330 2716 483 2776 Gemalin
515 2713 575 2773 aus
601 2709 803 2769 Petersburg
828 2718 932 2778 alhier
958 2717 1012 2777 an,
1050 2715 1111 2775 und
1136 2711 1184 2771 die

209 2771 413 2831 Schuchische
442 2766 873 2826 Schauspielergesellschaft
895 2772 986 2832 gieng
1023 2770 1079 2830 von
1122 2763 1192 2823 hier

196 2825 270 2885 nach
299 2823 454 2883 Danzig.

1230 312 1289 372 wie
1317 315 1360 375 die
1377 315 1529 375 ersteren,
1546 313 1617 373 ihre
1639 317 1814 377 bestimmte
1836 321 1901 381 Zeit
1924 322 2048 382 halten,
2066 321 2136 381 aber
2153 321 2223 381 doch

1232 363 1321 423 nicht
1348 363 1537 423 einerley
1564 363 1738 423 bestimmte
1760 367 1828 427 Zeit
1855 369 1933 429 mit
1955 369 2102 429 ihnen.
2150 366 2224 426 Die

1235 410 1366 470 übrigen
1394 410 1493 470 hierzu
1526 410 1763 470 beygebrachten
1790 417 1986 477 Hypothesen
2013 416 2161 476 übergeht
2178 416 2224 476 der

1230 459 1300 519 Hr.
1311 458 1491 518 Verfasser,
1509 458 1568 518 und
1590 457 1672 517 zeigt
1695 461 1797 521 einige
1820 464 1934 524 nähere
1957 466 2104 526 Ursachen
2137 464 2229 524 dieser

1231 506 1447 566 Krankheiten
1484 505 1546 565 an:
1573 503 1619 563 die
1650 508 1904 568 widernatürlich
1930 515 2111 575 vermehrte
2132 514 2230 574 Reiz¬

1236 556 1357 616 barkeit
1379 554 1405 614 in
1438 554 1490 614 den
1522 552 1639 612 primis
1671 552 1755 612 viis;
1787 557 1835 617 die
1862 560 1935 620 üble
1968 563 2227 623 Beschaffenheit

1230 601 1284 661 der
1304 601 1427 661 Galle,
1452 603 1500 663 die
1525 601 1683 661 entweder
1708 601 1786 661 nicht
1806 604 1870 664 mit
1885 607 2121 667 gnugsamem,
2151 607 2219 667 oder

1226 652 1289 712 mit
1311 652 1343 712 zu
1375 652 1508 712 scharfem
1556 652 1663 712 Safte
1690 652 1833 712 versehen
1866 652 1923 712 ist;
1956 654 2008 714 den
2047 655 2222 715 Schleim;

1226 700 1271 760 die
1302 700 1625 760 Unverdaulichkeit;
1651 699 1711 759 und
1742 700 1787 760 die
1818 699 1999 759 Wurmer;
2030 702 2141 762 welche
2162 703 2227 763 Ur¬

1230 750 1323 810 sachen
1354 748 1422 808 bald
1447 748 1629 808 vereinigt,
1649 748 1717 808 bald
1748 748 1915 808 besonders
1940 745 2072 805 wirken.
2147 751 2220 811 Die

1229 795 1409 855 eigentliche
1431 794 1483 854 Art
1500 792 1590 852 dieser
1612 795 1765 855 Wirkung
1787 796 1818 856 ist
1835 798 1914 858 zwar
1936 797 2004 857 sehr
2026 798 2227 858 unbekannt,

1231 843 1286 903 und
1306 840 1417 900 gehört
1433 842 1498 902 noch
1519 843 1609 903 unter
1630 843 1671 903 die
1691 846 1913 906 Geheimnisse
1929 843 1974 903 der
1995 846 2131 906 Natur;
2152 846 2217 906 doch

1226 891 1310 951 lehrt
1332 891 1374 951 die
1401 891 1607 951 Erfahrung,
1629 891 1681 951 daß
1703 892 1798 952 theils
1825 894 1872 954 die
1889 891 2216 951 Uebereinstimmung

1229 940 1280 1000 des
1311 941 1455 1001 Magens
1481 942 1543 1002 mit
1564 942 1610 1002 dem
1646 942 1764 1002 ganzen
1790 942 1934 1002 Körper,
1955 942 2047 1002 theils
2074 944 2120 1004 die
2141 942 2223 1002 Ver¬

1231 990 1347 1050 setzung
1374 990 1421 1050 der
1448 992 1611 1052 Materie,
1622 990 1811 1050 periodische
1833 990 2048 1050 Krankheiten
2075 992 2223 1052 erzeuge.

1226 1040 1306 1100 Das
1332 1040 1427 1100 vierte
1448 1040 1533 1100 Kap.
1553 1041 1588 1101 ist
1609 1042 1649 1102 ein
1680 1040 1881 1100 practisches,
1897 1043 1957 1103 und
1983 1043 2068 1103 redet
2089 1043 2144 1103 von
2164 1042 2214 1102 den

1226 1088 1495 1148 Gegenmitteln,
1511 1091 1625 1151 welche
1646 1091 1692 1151 den
1719 1091 2045 1151 Kunstverständigen
2072 1091 2159 1151 leicht
2181 1089 2227 1149 be¬

1221 1139 1317 1199 kannt
1338 1139 1429 1199 sind,
1455 1139 1556 1199 sobald
1588 1139 1653 1199 man
1684 1139 1745 1199 nur
1766 1139 1817 1199 den
1848 1139 1959 1199 Zufall
1981 1138 2036 1198 auf
2062 1140 2143 1200 seine
2169 1139 2224 1199 Ur¬

1231 1188 1310 1248 sache
1331 1187 1567 1247 zurückgeleitet
1588 1185 1658 1245 hat.
1694 1184 1769 1244 Wir
1790 1184 1905 1244 können
1936 1184 1991 1244 uns
2021 1184 2111 1244 dabey
2137 1186 2222 1246 nicht

1225 1234 1411 1294 aufhalten,
1431 1231 1459 1291 da
1489 1231 1546 1291 wir
1570 1229 1685 1289 bereits
1714 1228 1767 1288 von
1801 1231 1849 1291 dem
1888 1230 2016 1290 vorigen
2046 1228 2069 1288 so
2094 1228 2156 1288 viel
2175 1231 2223 1291 ge¬

1222 1280 1292 1340 sagt
1311 1279 1437 1339 haben;
1466 1274 1591 1334 sondern
1620 1273 1773 1333 bemerken
1802 1275 1863 1335 nur
1887 1274 1975 1334 noch,
1984 1275 2036 1335 daß
2060 1275 2106 1335 der
2125 1273 2208 1333 Verf

1229 1321 1273 1381 ein
1299 1321 1409 1381 drittes
1434 1319 1524 1379 Buch
1555 1318 1745 1378 verspricht,
1776 1321 1831 1381 das
1856 1321 1921 1381 eine
1947 1318 2062 1378 nähere
2082 1321 2222 1381 Anwen¬

1223 1366 1306 1426 dung
1336 1364 1435 1424 seiner
1455 1363 1597 1423 Theorie
1627 1364 1681 1424 auf
1711 1366 1754 1426 die
1785 1363 1893 1423 praxin
1928 1363 2060 1423 clinicam
2105 1368 2134 1428 in
2169 1370 2218 1430 sich

1221 1410 1376 1470 begreifen
1408 1410 1501 1470 wird.
1528 1411 1605 1471 Das
1626 1412 1714 1472 Buch
1741 1412 1777 1472 ist
1799 1413 1907 1473 sauber
1933 1413 2141 1473 abgedruckt;
2157 1419 2219 1479 und

1221 1458 1266 1518 die
1287 1458 1489 1518 Schreibart
1511 1458 1632 1518 verräth
1669 1461 1754 1521 einen
1785 1461 1922 1521 Mann,
1954 1461 2004 1521 der
2035 1462 2095 1522 mit
2121 1464 2222 1524 seiner

1222 1509 1443 1569 vornehmsten
1476 1508 1698 1568 Wissenschaft
1715 1512 1785 1572 auch
1813 1512 1877 1572 eine
1899 1512 2061 1572 Kenntniß
2089 1512 2142 1572 des
2165 1515 2218 1575 gu¬

1224 1560 1270 1620 ten
1296 1560 1502 1620 Geschmacks
1529 1560 1703 1620 verbunden
1735 1560 1807 1620 hat.
1859 1560 1977 1620 Kostet
1998 1561 2023 1621 in
2060 1563 2106 1623 der
2132 1563 2225 1623 Kan=

1223 1610 1350 1670 terschen
1392 1611 1653 1671 Buchhandlung
1688 1610 1827 1670 allhier,
1851 1610 1909 1670 wie
1939 1611 2008 1671 auch
2043 1611 2067 1671 in
2096 1612 2217 1672 Elbing

1227 1661 1289 1721 und
1318 1664 1431 1724 Mitau
1460 1664 1516 1724 und
1545 1664 1595 1724 der
1618 1664 1686 1724 Zeit
1703 1664 1725 1724 in
1754 1664 1838 1724 Riga
1868 1663 1878 1723 2
1901 1661 1940 1721 fl.

1386 1849 1707 1909 Donaustrom,
1731 1852 1790 1912 vom
1836 1852 1902 1912 6ten
1941 1849 2053 1909 Juli.

1267 1885 1344 1945 Der
1369 1890 1435 1950 nach
1466 1891 1562 1951 seiner
1587 1894 1750 1954 Rückkehr
1775 1896 1835 1956 aus
1866 1896 1998 1956 Italien
2029 1897 2126 1957 einige
2150 1894 2228 1954 Wo¬

201 1946 471 2006 Charlottenburg
496 1938 520 1998 in
558 1936 760 1996 Gegenwart
791 1933 864 1993 Sr.
884 1933 1025 1993 Majest.
1044 1933 1099 1993 des
1124 1933 1191 1993 Kö=
1216 1932 1289 1992 chen
1321 1933 1351 1993 zu
1388 1933 1480 1993 Wien
1518 1936 1671 1996 gewesene
1709 1942 1850 2002 Rußisch
1881 1939 2077 1999 Kaiserliche
2109 1939 2225 1999 Groß¬

1219 1981 1345 2041 kanzler
1372 1978 1467 2038 Graf
1489 1979 1546 2039 von
1579 1981 1800 2041 Woronzow,
1849 1984 1906 2044 hat
1933 1984 2017 2044 zwar
2050 1986 2118 2046 noch
2156 1988 2218 2048 eine

199 2042 345 2102 Hauses,
374 2036 424 2096 der
448 2031 549 2091 hohen
578 2031 712 2091 fremden
747 2031 990 2091 Herrschaften,
1019 2026 1080 2086 wie
1109 2026 1176 2086 auch
1222 2027 1323 2087 Reise
1340 2027 1407 2087 nach
1442 2024 1543 2084 Paris
1572 2027 1764 2087 vornehmen
1787 2028 1916 2088 wollen,
1939 2028 2012 2088 aber
2030 2028 2080 2088 von
2103 2031 2198 2091 seinem

1223 2073 1309 2133 Hofe
1333 2073 1436 2133 Ordre
1460 2073 1615 2133 erhalten,
1639 2073 1690 2133 sich
1720 2074 1938 2134 unverzüglich
1974 2076 2048 2136 nach
2078 2079 2221 2139 Peters¬

1228 2124 1301 2184 burg
1335 2124 1360 2184 zu
1394 2121 1560 2181 begeben,
1594 2124 1699 2184 wohin
1734 2124 1873 2184 derselbe
1913 2127 1986 2187 auch
2020 2127 2046 2187 in
2087 2128 2219 2188 voriger

1225 2175 1339 2235 Woche
1366 2169 1538 2229 abgereiset
1558 2172 1608 2232 ist.

1473 2223 1674 2283 London,
1711 2226 1769 2286 den
1806 2229 1841 2289 3.
1870 2229 1963 2289 Jun.

1275 2271 1316 2331 Zu
1366 2264 1442 2324 Dax
1485 2267 1512 2327 in
1562 2273 1750 2333 Gascagne
1793 2276 1855 2336 hat
1905 2276 1953 2336 der
2003 2276 2220 2336 Policeymei¬

1224 2321 1282 2381 ster
1317 2315 1415 2375 zween
1451 2321 1653 2381 Kaufleute,
1683 2326 1798 2386 wovon
1839 2326 1891 2386 der
1932 2324 2001 2384 eine
2031 2330 2094 2390 mit
2129 2329 2215 2389 Harz

1228 2367 1287 2427 und
1323 2366 1375 2426 der
1417 2367 1535 2427 andere
1565 2372 1623 2432 mit
1659 2377 1777 2437 Wachs
1819 2375 1848 2435 zu
1896 2376 1972 2436 thun
2008 2375 2096 2435 hat,
2138 2375 2214 2435 über

1219 2414 1498 2474 Verfalschungen
1547 2423 1699 2483 ertappt.
1778 2424 1930 2484 Ersterer
1965 2423 2091 2483 mischte
2147 2423 2216 2483 eben

1233 2464 1259 2524 in
1287 2464 1365 2524 seine
1386 2467 1646 2527 Harzklumpen,
1673 2474 1833 2534 ungefehr
1860 2470 1919 2530 200
1953 2467 2066 2527 Pfund
2093 2467 2126 2527 an
2153 2467 2225 2527 Ge=

1226 2512 1334 2572 wicht,
1361 2512 1462 2572 Sand
1495 2516 1559 2576 und
1592 2524 1706 2584 andere
1733 2521 1860 2581 schwere
1894 2515 2040 2575 Sachen,
2073 2515 2130 2575 und
2162 2518 2213 2578 der

1223 2562 1318 2622 andre
1342 2560 1426 2620 warf
1444 2563 1515 2623 eben
1539 2571 1623 2631 Talg
1647 2572 1789 2632 zwischen
1820 2566 1867 2626 den
1892 2560 2028 2620 Wachs,
2059 2565 2088 2625 da
2119 2566 2148 2626 es
2172 2566 2225 2626 ge¬

1225 2611 1393 2671 schmolzen
1422 2613 1544 2673 wurde.
1579 2620 1649 2680 Die
1672 2616 1910 2676 Feuersbrunst
1928 2611 1951 2671 in
1980 2614 2032 2674 dem
2073 2616 2223 2676 Zollhau¬

1226 2661 1254 2721 se
1277 2660 1305 2720 zu
1339 2658 1480 2718 Lissabon
1515 2665 1572 2725 soll
1601 2670 1685 2730 durch
1719 2665 1804 2725 einen
1838 2658 1923 2718 darin
1958 2661 2122 2721 gelegenen
2156 2661 2206 2721 von

1226 2709 1398 2769 Hamburg
1422 2715 1689 2775 angekommenen
1719 2711 1831 2771 Ballen
1856 2706 2051 2766 Leinwand,
2081 2707 2129 2767 der
2159 2710 2217 2770 auf

1226 2760 1273 2820 dem
1321 2757 1452 2817 Schiffe
1471 2765 1530 2825 naß
1560 2766 1721 2826 geworden
1751 2760 1805 2820 und
1841 2756 1888 2816 sich
1924 2757 2097 2817 entzündet
2128 2754 2216 2814 habe,

1232 2814 1411 2874 verursacht
1427 2815 1551 2875 worden
1591 2820 1676 2880 seyn.
1725 2811 1810 2871 Auch
1842 2808 1911 2868 sagt
1936 2808 2005 2868 man
2037 2808 2122 2868 hier,
2154 2805 2208 2865 daß

2162 2855 2210 2915 die
