2479 3508
238 342 376 402 nöthig,
412 338 510 398 unser
540 333 656 393 bereits
686 333 882 393 geäussertes
919 335 1051 395 Urtheil
1075 335 1167 395 durch
1197 336 1254 396 an¬

243 392 318 452 dere
335 386 470 446 Proben
497 384 557 444 aus
590 383 682 443 diesem
731 383 947 443 unpoetischen
981 383 1115 443 Allerley
1149 385 1175 445 zu
1208 385 1256 445 be¬

243 440 356 500 legen,
387 434 521 494 welches
553 433 609 493 aus
641 431 682 491 63
719 434 936 494 unordentlich
972 434 1060 494 durch
1097 433 1251 493 einander

242 486 448 546 geworfenen
480 482 617 542 Stücken
649 482 787 542 bestehet
814 482 861 542 die
882 482 998 542 sammt
1025 482 1083 542 und
1115 482 1246 542 sonders

247 533 460 593 unerträglich
484 531 565 591 sind.
617 533 703 593 Eben
739 530 814 590 fällt
843 531 900 591 uns
924 530 1086 590 Epitaphe
1116 532 1150 592 de
1185 530 1254 590 Mr.

246 584 277 644 de
303 583 424 643 Poussin
457 580 482 640 in
514 580 561 640 die
583 579 709 639 Hand:

353 655 395 715 Cy
417 655 490 715 git,
517 653 548 713 du
575 652 696 712 celibat
717 652 738 712 le
765 649 959 709 Protecteur
981 652 1123 712 Poussin,

298 706 368 766 Qui
393 705 468 765 dans
489 703 539 763 son
565 703 680 763 second
701 701 791 761 siecle
816 700 826 760 a
852 700 932 760 Dieu
958 700 1068 760 rendit
1094 700 1143 760 son
1169 702 1259 762 ame.

295 754 324 814 Il
349 754 358 814 à
383 754 456 814 vecu
486 751 555 811 sans
575 748 726 808 Medecin

299 804 376 864 Sans
407 802 571 862 lunettes,
608 800 679 860 sans
704 798 831 858 canne,
874 798 886 858 &
935 798 988 858 qui
1013 798 1086 858 plus
1117 798 1164 858 est
1189 795 1255 855 sans

779 843 929 903 femme.

258 927 324 987 Die
352 926 577 986 Uebersetzung
605 921 651 981 des
678 921 777 981 Herrn
811 921 857 981 H.
878 921 924 981 H.
945 924 984 984 F.

357 990 422 1050 Hier
445 987 507 1047 liegt
525 987 564 1047 des
591 984 706 1044 Celibats
729 981 879 1041 Beschützer
902 981 945 1041 von
973 982 1092 1042 Poussin,

321 1041 360 1101 Er
383 1043 445 1103 starb
472 1041 490 1101 in
517 1040 592 1100 seinem
633 1037 748 1097 anderten
780 1034 976 1094 Jahrhundert,

326 1100 474 1160 (Darüber
495 1097 550 1157 man
580 1092 617 1152 sich
647 1091 790 1151 wundert)

325 1157 361 1217 Er
384 1156 430 1216 hat
449 1154 549 1214 gelebet
573 1152 636 1212 ohne
660 1151 788 1211 Medicin,

326 1213 379 1273 und
407 1214 503 1274 folglich
531 1212 595 1272 ohne
617 1207 741 1267 kränklich
768 1210 909 1270 schwachen
936 1207 989 1267 Leib

326 1273 359 1333 Ja
384 1273 451 1333 ohne
471 1270 547 1330 Brill
567 1269 610 1329 und
635 1267 735 1327 Stock,
750 1270 798 1330 und
823 1270 865 1330 gar
890 1268 943 1328 auch
972 1268 1039 1328 ohne
1059 1267 1145 1327 Weib.

259 1342 315 1402 und
344 1339 424 1399 denn
453 1339 521 1399 noch
555 1339 600 1399 ein
630 1337 720 1397 Nota
744 1336 840 1396 Bene
863 1337 914 1397 bey
943 1339 994 1399 dem
1035 1336 1256 1396 französischen

261 1390 375 1450 Worte
392 1387 561 1447 Medecin,
594 1387 691 1447 "Hat
708 1387 740 1447 er
763 1387 844 1447 ohne
866 1387 947 1447 Arzt
970 1387 1105 1447 gelebet,
1134 1387 1160 1447 so
1183 1387 1263 1447 wird

264 1432 318 1492 "er
340 1437 421 1497 ohne
444 1434 578 1494 Zweifel
596 1434 665 1494 auch
693 1434 780 1494 keine
796 1435 943 1495 Medicin
970 1437 1181 1497 gebrauchet,
1204 1437 1262 1497 und

261 1485 374 1545 "einen
403 1487 555 1547 gesunden
584 1485 651 1545 Leib
675 1485 793 1545 gehabt
817 1485 940 1545 haben,
969 1485 1026 1545 und
1060 1485 1099 1545 ist
1128 1487 1178 1547 der
1207 1485 1269 1545 die¬

258 1533 470 1593 "serwegen,
492 1535 555 1595 und
588 1535 630 1595 um
678 1533 747 1593 des
779 1533 933 1593 Reims
971 1533 1114 1593 willen
1146 1533 1172 1593 in
1210 1536 1263 1596 der

264 1584 512 1644 Uebersetzung
539 1584 674 1644 gethane
696 1581 804 1641 Zusatz
821 1583 869 1643 der
891 1581 1069 1641 Intention
1102 1581 1150 1641 des
1177 1584 1268 1644 Hrn.

272 1631 401 1691 "Baron
429 1632 483 1692 von
510 1633 629 1693 Barr
652 1630 738 1690 nicht
754 1631 911 1691 zuwider,
933 1631 982 1691 H.
999 1628 1041 1688 H.
1053 1624 1117 1684 F.”
1177 1631 1263 1691 Was

260 1681 343 1741 diese
363 1682 407 1742 um
452 1679 515 1739 des
541 1678 688 1738 Reims
709 1676 851 1736 willen
886 1676 1102 1736 geschriebene
1127 1679 1274 1739 Samm¬

263 1724 337 1784 lung
366 1724 435 1784 noch
464 1718 658 1778 lächerlicher
682 1721 808 1781 macht,
836 1718 878 1778 ist
902 1717 948 1777 die
981 1718 1208 1778 Unordnung,
1232 1720 1255 1780 in

265 1763 396 1823 welcher
419 1760 514 1820 Eenst
537 1759 591 1819 und
624 1756 750 1816 Scherz
774 1757 1023 1817 durcheinander
1047 1757 1164 1817 liegen.
1188 1757 1264 1817 Wer

261 1814 352 1874 sollte
375 1809 448 1869 sichs
483 1807 580 1867 wohl
609 1802 797 1862 einbilden,
826 1805 882 1865 daß
923 1805 979 1865 auf
1014 1804 1071 1864 das
1106 1807 1185 1867 Licht
1219 1805 1270 1865 der

266 1864 493 1924 Offenbarung
524 1859 583 1919 und
608 1858 661 1918 der
686 1856 853 1916 Vernunft
884 1855 1003 1915 (Seite
1022 1855 1064 1915 5)
1094 1860 1136 1920 ein
1166 1858 1268 1918 Stück

267 1915 329 1975 auf
346 1915 397 1975 den
426 1912 567 1972 Toback,
590 1912 652 1972 und
681 1909 799 1969 (Seite
817 1909 862 1969 6)
891 1909 947 1969 auf
970 1907 1021 1967 den
1056 1910 1281 1970 maulschellir¬

267 1966 316 2026 ten
344 1966 493 2026 Fallops,
521 1962 637 2022 (Seite
659 1963 725 2023 27)
748 1957 1145 2017 Todesbetrachtungen,
1173 1960 1272 2020 (Sei¬

264 2017 296 2077 te
318 2017 382 2077 28)
405 2014 463 2074 und
491 2011 674 2071 überhaupt
696 2008 755 2068 auf
772 2008 885 2068 solches
918 2008 1042 2068 elendes
1069 2008 1155 2068 Zeug
1193 2008 1247 2068 vom

270 2064 374 2124 Herrn
408 2063 452 2123 H.
474 2061 518 2121 H.
535 2061 579 2121 F.
608 2058 673 2118 eine
691 2058 756 2118 Ode
779 2055 833 2115 von
856 2057 989 2117 Hallern
1012 2055 1083 2115 über
1100 2055 1144 2115 die
1166 2056 1271 2116 Ewig¬

272 2112 334 2172 keit
361 2111 413 2171 der
435 2109 651 2169 Höllenstrafe
678 2106 784 2166 folgen
821 2103 942 2163 werde.
1001 2106 1117 2166 Kostet
1144 2106 1169 2166 in
1202 2106 1275 2166 vor¬

269 2163 445 2223 bemeldten
474 2160 678 2220 Kanterschen
713 2154 1016 2214 Buchhandlungen
1045 2157 1077 2217 12
1106 2156 1155 2216 gr.

638 2229 902 2289 Hannover.

323 2274 461 2334 »Fabeln
502 2273 560 2333 und
595 2276 827 2336 Erzählungen
862 2277 914 2337 von
949 2276 1001 2336 P.
1025 2276 1064 2336 C.
1089 2278 1256 2338 Blanke

270 2319 380 2379 „8vo,
403 2324 519 2384 1764,
542 2323 553 2383 9
587 2321 741 2381 Bogen."
803 2324 880 2384 Wir
903 2327 1030 2387 würden
1058 2327 1124 2387 sehr
1148 2327 1274 2387 unrecht

272 2377 379 2437 thun,
401 2372 492 2432 wenn
521 2369 579 2429 wir
607 2371 687 2431 diese
710 2372 823 2432 Fabeln
862 2374 888 2434 zu
921 2378 974 2438 den
1013 2378 1267 2438 mittelmäßigen

271 2426 406 2486 Werken
436 2423 547 2483 unsrer
566 2420 636 2480 Zeit
654 2420 759 2480 zählen
790 2424 936 2484 wollten.
984 2423 1060 2483 Sie
1078 2425 1137 2485 sind
1173 2425 1201 2485 in
1232 2426 1272 2486 ei¬

271 2476 324 2536 nem
367 2471 546 2531 muntern,
568 2470 679 2530 naiven
711 2468 827 2528 Tone,
849 2472 912 2532 mit
928 2473 1023 2533 vielem
1066 2473 1272 2533 Geschmacke

271 2524 495 2584 geschrieben;
525 2521 583 2581 und
619 2517 784 2577 verrathen
820 2519 902 2579 einen
926 2521 1091 2581 Verfasser
1121 2521 1179 2581 von
1203 2521 1273 2581 Ge¬

272 2574 341 2634 nie.
401 2570 455 2630 Es
477 2571 514 2631 ist
536 2569 649 2629 wahr,
677 2569 730 2629 daß
770 2565 828 2625 wir
861 2569 942 2629 nicht
969 2572 1028 2632 mit
1050 2572 1125 2632 allen
1164 2572 1277 2632 einzel¬

267 2621 327 2681 nen
361 2622 460 2682 Zeilen
489 2620 648 2680 zufrieden
677 2617 765 2677 sind,
804 2614 859 2674 daß
893 2617 953 2677 wir
982 2623 1131 2683 zuweilen
1170 2620 1269 2680 matte

267 2670 459 2730 Ausdrücke
483 2670 612 2730 finden,
636 2667 697 2727 und
732 2663 805 2723 noch
840 2662 907 2722 hier
936 2665 998 2725 und
1027 2667 1060 2727 da
1089 2670 1139 2730 die
1163 2670 1264 2730 Kritik

270 2718 462 2778 vermissen;
491 2717 553 2777 wir
577 2718 746 2778 wünschten
781 2712 894 2772 sogar,
928 2714 984 2774 daß
1019 2719 1121 2779 einige
1144 2718 1256 2778 Fabeln

270 2767 500 2827 weggeblieben
530 2763 663 2823 wären,
687 2769 715 2829 z.
739 2763 778 2823 E.
808 2760 900 2820 gleich
923 2760 970 2820 die
993 2766 1108 2826 zweyte
1132 2768 1189 2828 S.
1207 2769 1264 2829 18.

267 2818 316 2878 die
338 2817 404 2877 eben
439 2817 538 2877 keinen
577 2816 743 2876 besonders
772 2811 909 2871 witzigen
944 2812 1070 2872 Inhalt
1093 2817 1171 2877 hat,
1199 2817 1259 2877 und

264 2870 335 2930 noch
375 2868 467 2928 durch
500 2868 605 2928 einige
638 2869 776 2929 widrige
802 2864 919 2924 Worte
954 2868 1137 2928 verunziert
1164 2870 1267 2930 wird.

1289 330 1362 390 Dem
1403 334 1590 394 ungeachtet
1613 339 1726 399 müssen
1755 339 1817 399 wir
1846 338 1925 398 diese
1948 333 2101 393 Gedichte
2136 334 2186 394 dem
2227 341 2299 401 Pu¬

1290 380 1369 440 blico
1396 381 1581 441 anpreisen,
1597 383 1628 443 da
1655 386 1686 446 es
1713 388 1739 448 in
1766 389 1819 449 den
1846 386 1967 446 meisten
1994 382 2052 442 das
2074 380 2173 440 finden
2206 385 2300 445 wird,

1289 429 1358 489 was
1382 431 1411 491 es
1441 431 1545 491 sucht;
1569 434 1708 494 nämlich
1744 437 1936 497 Geschmack
1966 432 2023 492 und
2054 431 2181 491 Genie.

2225 439 2295 499 Zur

1298 479 1410 539 Probe
1434 482 1539 542 wollen
1570 482 1629 542 wir
1653 485 1717 545 eine
1741 488 1930 548 Erzählung
1955 485 2148 545 anhängen.

1707 578 1902 638 Laurette.

1367 619 1464 679 "Wie!
1481 626 1566 686 wollen
1594 629 1620 689 sie
1643 631 1680 691 sich
1707 632 1777 692 nicht
1794 633 1815 693 in
1842 633 1950 693 GOttes
1972 634 2085 694 Fügung
2107 631 2209 691 geben?

1328 678 1435 738 "Schon
1464 682 1492 742 ist
1511 682 1548 742 ihr
1572 688 1657 748 Mann
1685 690 1732 750 eilf
1751 688 1854 748 Monat
1873 688 1943 748 todt,

1323 727 1333 787 "
1349 739 1400 799 und
1427 742 1483 802 noch
1510 742 1556 802 sind
1577 743 1654 803 ihnen
1681 745 1743 805 stets
1769 748 1805 808 die
1826 748 1929 808 schönen
1956 745 2038 805 Augen
2065 745 2142 805 roth;

1325 789 1393 849 "Ach
1420 795 1516 855 weinen
1539 798 1571 858 sie
1594 799 1648 859 doch
1676 804 1766 864 nicht;
1790 804 1821 864 sie
1840 804 1944 864 bringen
1968 802 2008 862 sich
2036 801 2090 861 ums
2118 802 2208 862 Leben.

1328 847 1411 907 "Was
1435 855 1533 915 hilfts?
1567 854 1609 914 Er
1628 859 1712 919 bleibt
1731 861 1787 921 doch
1811 861 1900 921 immer
1924 858 1979 918 todt

1328 905 1421 965 "Still
1442 912 1520 972 doch!
1540 912 1594 972 Ich
1620 915 1698 975 fange
1718 918 1782 978 sonst
1802 918 1851 978 mit
1866 918 1940 978 ihnen
1965 918 1994 978 an
2019 918 2039 978 zu
2069 918 2181 978 weinen.

1349 965 1425 1025 Ach,
1448 969 1516 1029 keine
1539 969 1606 1029 Frau
1634 969 1693 1029 kann
1721 970 1743 1030 es
1770 972 1815 1032 mit
1838 972 1901 1032 ihrem
1939 974 2019 1034 Mann
2047 975 2069 1035 so
2093 975 2219 1035 meynen!

1333 1014 1412 1074 "Wie
1431 1025 1543 1085 glücklich
1571 1022 1627 1082 war
1647 1022 1720 1082 durch
1744 1025 1776 1085 sie
1796 1025 1851 1085 doch
1875 1025 1945 1085 wohl
1964 1025 2001 1085 ihr
2025 1028 2099 1088 erster
2123 1034 2244 1094 Mann!"

1335 1076 1409 1136 Mein
1438 1079 1521 1139 Gott!
1545 1079 1629 1139 sprach
1657 1079 1708 1139 sie,
1728 1081 1774 1141 und
1798 1079 1895 1139 schielte
1914 1076 2017 1136 Staxen
2045 1082 2096 1142 an;

1334 1133 1467 1193 Verdient
1487 1133 1553 1193 nicht
1573 1135 1625 1195 dieß
1654 1136 1716 1196 mein
1740 1136 1816 1196 selger
1840 1134 1950 1194 Mann?

1335 1190 1399 1250 War
1425 1190 1491 1250 nicht
1511 1193 1576 1253 mein
1602 1195 1672 1255 Herz
1688 1196 1758 1256 durch
1784 1196 1824 1256 ihn
1849 1196 1895 1256 das
1916 1196 2061 1256 fröhlichste
2082 1196 2122 1256 auf
2143 1198 2248 1258 Erden?

1334 1249 1375 1309 Er
1395 1249 1450 1309 sahe
1470 1249 1568 1309 meinen
1597 1252 1700 1312 Wunsch
1724 1252 1785 1312 stets
1809 1253 1907 1313 meinen
1931 1252 2020 1312 Augen
2049 1253 2095 1313 an;

1336 1313 1388 1373 Und
1412 1312 1455 1372 von
1484 1312 1531 1372 mir
1551 1313 1623 1373 ward
1648 1313 1690 1373 sein
1715 1314 1844 1374 Wunsch,
1864 1315 1906 1375 ohn
1935 1315 1978 1375 daß
2002 1314 2026 1374 er
2050 1315 2156 1375 sprach,
2175 1318 2285 1378 gethan,

1333 1374 1381 1434 O!
1404 1373 1425 1433 so
1452 1373 1488 1433 ein
1515 1372 1594 1432 Mann
1622 1375 1670 1435 soll
1688 1374 1736 1434 erst
1755 1372 1861 1432 geboren
1888 1370 2012 1430 werden!

1339 1431 1383 1491 So
1404 1431 1484 1491 sprach
1515 1431 1676 1491 Laurette
1697 1431 1752 1491 itzt,
1773 1431 1818 1491 und
1838 1431 1933 1491 weinte
1954 1431 2049 1491 darauf
2070 1431 2135 1491 laut,

1338 1488 1389 1548 Und
1413 1488 1502 1548 wußte
1521 1489 1563 1549 sich
1587 1491 1662 1551 dabey
1686 1488 1709 1548 so
1733 1488 1826 1548 reizend
1851 1488 1874 1548 zu
1898 1488 2043 1548 gebärden,

1335 1545 1398 1605 Daß
1426 1548 1493 1608 Stax
1517 1548 1552 1608 sich
1580 1548 1652 1608 gleich
1680 1548 1802 1608 verliebt.
1835 1545 1884 1605 Sie
1907 1545 1993 1605 wurde
2016 1545 2079 1605 seine
2098 1545 2201 1605 Braut.

1326 1602 1389 1662 Der
1410 1605 1515 1665 Henker
1537 1605 1637 1665 möchte
1658 1605 1717 1665 auch
1743 1605 1810 1665 nicht
1831 1602 1856 1662 da
1882 1602 2008 1662 verliebet
2029 1602 2150 1662 werden!

1339 1658 1387 1718 Ich
1409 1658 1497 1718 würds
1524 1660 1581 1720 bald
1604 1657 1691 1717 selbst,
1709 1657 1767 1717 doch
1794 1655 1903 1715 dießmal
1926 1655 1992 1715 würd
2015 1652 2067 1712 ichs
2094 1655 2173 1715 nicht.

1337 1707 1411 1767 Denn
1441 1709 1491 1769 wem
1529 1707 1574 1767 es,
1591 1709 1612 1769 so
1638 1706 1687 1766 wie
1708 1706 1775 1766 mir,
1792 1706 1821 1766 an
1846 1706 1909 1766 Geld
1934 1706 1979 1766 und
2006 1706 2092 1766 Staat
2114 1709 2247 1769 gebricht;

1345 1754 1397 1814 und
1421 1754 1474 1814 wär
1498 1754 1546 1814 sein
1570 1756 1642 1816 Herz
1662 1755 1704 1815 das
1728 1754 1791 1814 beste
1810 1757 1858 1817 auf
1877 1757 1916 1817 der
1940 1758 2035 1818 Erden,

1344 1812 1396 1872 Und
1420 1811 1506 1871 wollte
1525 1814 1549 1874 er
1573 1814 1616 1874 vor
1640 1814 1707 1874 Liebe
1726 1815 1812 1875 rasend
1837 1817 1960 1877 werden;

1341 1876 1386 1936 So
1406 1876 1502 1936 nimmt
1523 1876 1578 1936 man
1604 1876 1659 1936 doch
1686 1876 1726 1936 den
1751 1876 1883 1936 Menschen
1914 1879 1994 1939 nicht.

1364 1960 1441 2020 Doch
1467 1960 1514 2020 hat
1530 1960 1690 2020 Laurette
1711 1960 1763 2020 hier
1789 1960 1846 2020 auch
1868 1963 1939 2023 ihren
1966 1963 2048 2023 Mann
2075 1964 2204 2024 beweint?

1335 2020 1385 2080 Ich
1408 2018 1485 2078 denke
1504 2017 1558 2077 itzt:
1582 2017 1617 2077 sie
1636 2017 1682 2077 hat
1700 2018 1750 2078 nur
1773 2020 1841 2080 Star
1864 2020 1996 2080 gemeynt.

1331 2073 1495 2133 Laurette
1517 2073 1604 2133 wollte
1626 2075 1674 2135 nur
1696 2073 1751 2133 bloß
1774 2073 1890 2133 weinen,

1335 2133 1371 2193 Um
1408 2130 1530 2190 reizender
1553 2130 1639 2190 Herrn
1667 2130 1735 2190 Stax
1758 2131 1780 2191 zu
1804 2133 1930 2193 scheinen.

1308 2196 1418 2256 Kostet
1443 2196 1473 2256 in
1512 2196 1745 2256 vorbemeldten
1795 2199 2004 2259 Kanterschen
2042 2208 2306 2268 Buchhandlun=

1304 2252 1355 2312 gen
1381 2247 1419 2307 20
1452 2246 1502 2306 gr.

1561 2390 1765 2450 Trauerrede
1797 2398 1853 2458 auf
1884 2396 1934 2456 den
1971 2396 2039 2456 Tod

1450 2473 1509 2533 des
1549 2469 1775 2529 Marschalls
1823 2473 1882 2533 von
1929 2476 2168 2536 Türenne.

1607 2524 1662 2584 Aus
1682 2527 1723 2587 dem
1759 2530 1972 2590 Französischen.

1305 2596 1380 2656 Als
1406 2596 1449 2656 der
1482 2594 1545 2654 Tod
1577 2593 1779 2653 Frankreichs
1805 2599 1931 2659 größten
1957 2599 2121 2659 General,
2140 2602 2303 2662 Türen¬

1299 2645 1397 2705 nen,
1420 2642 1683 2702 weggenommen
1711 2646 1825 2706 hatte,
1848 2649 2006 2709 beklagten
2045 2649 2204 2709 Dorise
2237 2649 2297 2709 und

1304 2694 1536 2754 Celimene,
1561 2691 1618 2751 mit
1642 2693 1688 2753 der
1712 2697 1810 2757 Karte
1834 2697 1857 2757 in
1887 2700 1938 2760 der
1962 2702 2073 2762 Hand,
2097 2703 2195 2763 diesen
2224 2699 2299 2759 Hel¬

1305 2742 1355 2802 den
1387 2743 1443 2803 auf
1464 2739 1608 2799 folgende
1634 2741 1753 2801 Weise.

1374 2802 1386 2862 *
1413 2808 1478 2868 S.
1499 2811 1609 2871 Fables
1643 2817 1839 2877 nouvelles,
1873 2825 2010 2885 divisées
2037 2823 2069 2883 en
2103 2820 2141 2880 six
2175 2820 2298 2880 Livres,

1465 2864 1478 2924 à
1501 2864 1595 2924 Paris
1610 2870 1725 2930 1762.

2171 2922 2294 2982 Wissen
