2034 2755
208 167 1074 260 pfiehlt die Jesuiten seines Sprengels der christlichen
208 245 1068 297 Liebe, weil sie der Erzbischof als heilige unter Ar¬
210 284 1066 349 muth und Verfolgung lebende Männer beschreibt.
208 327 1068 375 Er zeigt endlich so wohl die Bücher an, welche man zu
214 368 1072 435 seiner Erbauung lesen muß, als auch die der Seligkeit
208 418 526 490 nachtheilig waren.
429 425 869 513 London, vom 31. Jan.
260 479 1072 550 Den 27 dieses trug man im Unterhause vor den
214 542 1079 598 9ten Febr. sich in Comitte zu versammlen, und dar¬
221 578 1074 633 innen die Acte welche die heimlichen Heyrathen ver¬
212 620 1068 676 bietet in Erwegung zu ziehen, dies wurde durch die
230 656 1074 717 Mehrheit von 130 Stimmen gegen 30 beschlossen.
223 704 1077 760 Man brachte auch eine Committe von 21 Mittglie¬
217 745 1077 806 dern in Vorschlag, welche die Berechnung der öffent¬
221 789 1077 843 lichen Ausgaben durchsehen sollen, und zwar mit der
217 823 1958 877 Bedingung, daß dieses von eben denjenigen Perso= der Nachricht angekommen, wie Papunchang nebst
221 873 1077 929 nen geschähe, welche die letztere Jahresrechnung un
221 921 1079 964 tersucht hätten. Dies gieng gleichfalls bey der Mehr¬
230 957 1077 1014 heit von 91 Stimmen, gegen 30 durch. Das Un
221 994 1085 1055 terhaus verwilligte hierauf in Committe an Subsidien
221 1040 1085 1092 2000 Pfund Sterling für das Brittische Musaum,
230 1074 1083 1133 179229 Pfund St. 6 Schilling 6 Pf. zur Bezah=
232 1116 1952 1181 lung gewißer Billets, die Marine betreffend 2c. Den wol an Silber als in Wechselbriefen angekommen
223 1157 1956 1217 28ten waren die Gemeinden mit sehr wichtigen An= mit denen das Anlehn, welches die Kayserin Köni¬
232 1200 1085 1265 gelegenheiten beschäftigt. Den 30ten, als dem jähr¬
230 1243 1523 1304 lichen Gedächtnißtage des Königl. Märtyrers, wohn= men, bezahlt werden soll.
230 1293 1087 1343 ten beyde Cammern dem öffentlichen Gottesdienst zu
232 1330 1081 1386 Westmünster bey. Die unter dem Namen einer Cot¬
236 1365 1963 1425 terie aufgerichtete Antiministerialische Parthey hält gestellt ist, hat den Erzbischof Obdi, seinen bisheri¬
232 1412 1087 1471 öftere Zusammenkünfte. Der Hof ist sehr wachsam
232 1451 1090 1506 auf alle diejenige, die so wol für Mitglieder dersel¬
232 1493 1081 1551 ben erkannt werden, als auch sonst einige Verbindung
232 1545 1090 1594 mit dieser Parthey haben. Der Erb=Prinz von
238 1577 1098 1633 Braunschweig und seine Gemalin wurden bey ihrer An¬
232 1623 1092 1672 kunft zu Harwich von dasigem Magistrat bewillkommt,
232 1666 1081 1724 und des Abends war die ganze Stadt erleuchtet
236 1694 1952 1752 Man erfährt eben daß dies hohe Paar heute Mor= riæ de Calasii Concordantiæ sacrorum Bibliorum ba
238 1748 1090 1809 gen unter Segel gegangen. Wegen des Sturms ist
232 1794 1090 1848 man sehr ungeduldig ihre glückliche Ankunft in Hol¬
232 1841 1092 1891 land zu vernehmen. Der König hat der Lady Su¬
238 1874 1087 1930 sanna Stuart, welche Dero Frau Schwester nach
232 1915 1092 1982 Deutschland begleitet mit einer goldenen Tabattiere,
236 1956 1092 2012 worinnen ein Bancozettel von 500 Pf. Sterl. ein=
240 1997 1098 2058 geschlossen, beschenkt, und der Herzog von Cumber¬
238 2038 1092 2095 land soll der Prinzeßin Augusta einen Kopfschmuck
240 2082 1087 2134 von 20000 Pfund Sterl. verehret haben. Jhro Kö
240 2123 1094 2173 nigl. Hoheit die Prinzeßin haben eine Summe Gel¬
238 2164 1103 2223 des für eine gewisse Anzahl geringer Schulden we¬
238 2203 1105 2264 gen in den Gefängnissen zu London und Westmünster
253 2249 1103 2307 sich befindenden Unglücklichen zur Befreyung und
251 2290 1107 2344 Loßlassung derselben, allhier zurückgelassen. Se.
247 2324 1105 2392 Majest. der König haben dem Brittischen Museo mit
245 2372 1098 2435 einer schätzbaren Sammlung von Büchern und klei=
1090 171 1943 247 nen Abhandlungen, die seit dem Jahr 1641. bis zu
1090 240 1952 292 der Krönung Carl des 2ten im Jahr 1665. gedruckt
1085 284 1952 336 worden sind, nebst 100 noch nie gedruckten Hand¬
1096 323 1950 377 schriften, ein Geschenk gemacht. Diese alle einförmig
1098 366 1947 416 gebundene und bisher verwahrte Bücher und kleine
1092 409 1950 453 Abhandlungen davon der Catalogus zwölf Bände
1096 448 1943 496 in Folio ausmacht, belaufen sich auf 30000 Bände
1085 492 1950 546 John Wilkes Güter sind dem Vernehmen nach
1096 529 1950 581 von deßen Gläubigern sequestrirt worden. Sein
1100 574 1950 630 jährliches Einkommen soll nicht mehr als 250, und
1098 617 1913 682 seine Schulden über 10000 Pfund Sterling seyn.
1217 661 1833 728 Bethlehem, in Nord=Amerika,
1358 691 1696 756 den 19 Nov. 1763.
1139 721 1956 789 Gestern Nachmittag erhielten wir Nachricht, daß
1105 778 1963 834 Job Chillaway den vorigen Abend im Fort Allen mit
1098 866 1956 916 einigen andern Indianern die als Freunde der Woal
1100 908 1950 964 loysing daselbst angelangt, entschlossen wären sich vor
1105 951 1952 1018 den übrigen Wilden zu trennen, welche einen so grau
1100 996 1614 1046 samen Krieg gegen uns führen.
1306 1022 1770 1085 Genua, den 14 Januar.
1152 1059 1963 1126 Es sind jetzt von Wien 2. Millionen Livres so
1107 1200 1963 1278 gin im letzten Kriege von unserer Republick genom¬
1356 1259 1737 1343 Rom, den 11 Jan.
1139 1304 1963 1371 Der Pabst, deßen Gesundheit völlig wieder her¬
1105 1404 1963 1456 gen Nuntium in der Schweitz, zu seinem außeror¬
1105 1443 1963 1490 dentlichen Bothschafter bey dem Wahltage zu Frank¬
1109 1488 1956 1545 furt ernannt, wohin ihn der Graf Oddi sein Brude
1105 1527 1882 1588 und der Domherr Garampi begleiten werden.
1367 1614 1707 1666 AVERTISSEMENT.
1155 1618 1967 1705 Bey dem Verleger dieser Zeitung ist zu haben: Ma¬
1116 1731 1963 1785 braicorum Tomi III. fol. maj. Lond. 747-49. 200 fl.
1113 1774 1963 1824 Reyger tentamen floræe Gedanensis, 8. Dant. 704. 2 fl. 249
1109 1820 1963 1867 Discours sur le sentiment de l'honneur par Mons. de
1109 1856 1963 1928 Beausobre, 8. Berl 764, 12 gr. Geschichte eine
1120 1900 1963 1954 jungen Herrn, von ihm selbst, 8, 762, =1 fl. 15 gr.
1116 1939 1963 1997 Das wohlgetroffene Portrait Ihro Majestät des Kö=
1113 1980 1963 2038 nigs in schwarzer Kunst, gestochen von Deisch, Fol
1122 2023 1958 2080 3 fl. Das Portrait Jhro jetzt regierenden Ruß. Kay
1116 2064 1963 2142 Majest. von eben diesem Meister in schwarzer Kunst
1124 2110 1285 2164 Fol. 3 fl.
1163 2127 1965 2220 Diese Zeitungen werden Montags und Freytags un
1129 2201 1963 2255 10 Uhr Vormittags im Kanterschen Buchladen ausge
1129 2246 1958 2305 geben, allwo auch noch von den hiesigen resp. Liebhaber
1124 2279 1963 2335 die Pranumeration angenommen wird, Auswärtig
1122 2324 1958 2405 aber belieben sich deshalb bey dem Postamt ihres Ort
1124 2376 1313 2437 zu melden.
