2479 3508
238 351 405 411 zerfallen,
428 345 633 405 mitlerweile
656 345 701 405 die
723 348 868 408 kleineste
891 348 985 408 dieser
1014 350 1247 410 Muschelscha¬

230 401 279 461 len
308 399 368 459 alle
386 392 530 452 Gewalt
548 392 597 452 der
620 392 714 452 Luft,
743 398 826 458 ohne
854 397 904 457 die
932 396 1088 456 geringste
1111 398 1244 458 Verän¬

232 446 372 506 derung,
399 443 633 503 ausgehalten,
659 444 716 504 und
743 446 820 506 ganz
847 446 1081 506 vollkommen,
1102 446 1128 506 in
1154 446 1232 506 allen

244 541 382 601 geachtet
411 538 486 598 diese
510 542 648 602 Schalen
689 542 711 602 so
747 545 850 605 dünne
880 545 943 605 und
978 545 1059 605 hart
1088 545 1244 605 gewesen,

242 590 287 650 als
318 589 383 649 man
414 591 515 651 einige
541 589 592 649 von
628 590 724 650 dieser
744 592 805 652 Art
826 592 952 652 kennet.

289 638 342 698 Es
372 637 413 697 ist
437 640 562 700 freylich
592 640 752 700 möglich,
795 640 848 700 daß
884 640 967 700 diese
997 640 1140 700 Schalen
1176 640 1246 700 ihre

234 688 350 748 Natur
381 688 477 748 haben
514 688 691 748 verändern
727 688 843 748 können
875 687 965 747 durch
1002 688 1235 748 Eindringung

237 736 288 796 der
315 738 475 798 steinigten
507 736 656 796 Materie
678 736 703 796 in
735 736 802 796 ihre
823 738 1118 798 Zwischenraume,
1129 733 1191 793 wie
1207 732 1232 792 es

234 786 453 846 gemeiniglich
485 784 537 844 bey
564 784 616 844 den
648 784 815 844 Schalen,
837 785 946 845 welche
968 786 993 846 in
1020 785 1166 845 Steinen
1198 783 1250 843 ste¬

242 834 327 894 cken,
343 834 369 894 zu
391 832 551 892 geschehen
572 831 689 891 pflegt;
711 831 795 891 allein
823 833 865 893 die
881 834 944 894 hier
967 834 1136 894 gemeldete
1148 830 1253 890 Scha¬

245 882 287 942 len
314 882 441 942 scheinen
468 882 653 942 dergleichen
675 879 902 939 Veränderung
924 883 1003 943 nicht
1020 882 1236 942 untergangen

240 934 271 994 zu
298 930 425 990 haben;
452 930 516 990 und
538 930 569 990 es
596 930 633 990 ist
649 930 729 990 ganz
750 930 878 990 gewiß,
905 933 957 993 daß
985 933 1064 993 viele
1086 930 1144 990 von
1176 929 1245 989 der¬

237 978 370 1038 gleichen
402 979 524 1039 duͤnnen
551 978 609 1038 und
636 978 737 1038 zarten
764 980 901 1040 Schalen
928 981 1082 1041 gefunden
1104 975 1247 1035 werden,

239 1022 357 1082 welche
378 1024 460 1084 viele
482 1025 734 1085 Jahrhunderte
766 1025 837 1085 lang
869 1025 1033 1085 bewahret
1065 1024 1245 1084 geblieben,

244 1073 278 1133 an
313 1070 421 1130 solchen
451 1067 614 1127 Oertern,
639 1067 683 1127 wo
718 1067 752 1127 sie
787 1067 871 1127 keine
901 1070 1092 1130 dergleichen
1118 1069 1250 1129 Verän¬

247 1118 363 1178 derung
397 1117 481 1177 durch
508 1115 737 1175 Eindringung
764 1115 811 1175 der
833 1115 1008 1175 steinichten
1035 1118 1184 1178 Materie
1211 1115 1242 1175 in

242 1166 319 1226 ihre
340 1166 614 1226 Zwischenraume
640 1163 759 1223 erlitten
785 1163 914 1223 haben,
941 1163 997 1223 und
1028 1166 1079 1226 aus
1111 1163 1235 1223 welchen

248 1216 287 1276 sie
310 1216 422 1276 sauber
457 1215 513 1275 und
554 1214 666 1274 schön,
695 1215 757 1275 mit
786 1213 859 1273 allem
910 1213 994 1273 ihrem
1041 1210 1238 1270 natürlichen

248 1265 404 1325 Glanze,
429 1267 496 1327 doch
521 1264 605 1324 ohne
624 1264 818 1324 währender
843 1264 915 1324 Zeit
934 1264 1042 1324 härter
1074 1260 1237 1320 geworden

248 1318 281 1378 zu
309 1315 409 1375 seyn,
442 1315 759 1375 herausgenommen
793 1315 942 1375 worden.
992 1312 1064 1372 Von
1104 1311 1153 1371 der
1187 1311 1247 1371 Art

248 1363 312 1423 sind
339 1362 382 1422 die
404 1362 544 1422 Schalen
577 1363 625 1423 der
647 1363 743 1423 zarten
771 1363 959 1423 Trompeter
981 1363 1229 1423 (Buccinums,

247 1410 304 1470 und
330 1410 443 1470 andere
470 1410 573 1470 dunne
594 1410 807 1470 Gattungen,
833 1412 941 1472 welche
968 1413 1035 1473 man
1066 1410 1086 1470 in
1123 1410 1169 1470 der
1191 1409 1247 1469 Er¬

238 1508 339 1568 men,
364 1509 393 1569 ja
417 1506 506 1566 sogar
525 1507 554 1567 im
591 1509 691 1569 Kalke
716 1506 871 1566 begraben
902 1509 1050 1569 gefunden
1080 1509 1151 1569 hat.

296 1554 372 1614 Wie
397 1556 474 1616 hart
498 1556 557 1616 nun
587 1557 658 1617 auch
695 1557 741 1617 die
760 1557 902 1617 Schalen
944 1557 997 1617 von
1027 1560 1140 1620 Natur
1170 1557 1252 1617 sind,

253 1605 282 1665 so
306 1605 418 1665 können
449 1602 483 1662 sie
508 1605 573 1665 doch
603 1605 650 1665 den
680 1605 792 1665 Fisch,
816 1605 869 1665 der
887 1605 929 1665 sie
947 1605 1142 1665 bewohnet,
1166 1605 1248 1665 nicht

249 1652 410 1712 schützen,
440 1652 491 1712 daß
521 1652 543 1712 er
567 1652 653 1712 nicht
683 1652 722 1712 ein
753 1652 844 1712 Raub
880 1652 1012 1712 anderer
1042 1653 1140 1713 Fische
1169 1652 1249 1712 wer¬

245 1694 305 1754 de,
331 1697 437 1757 welche
463 1697 545 1757 nicht
566 1697 687 1757 einmal
708 1697 906 1757 Werkzeuge
927 1697 1059 1757 haben,
1075 1697 1110 1757 sie
1131 1697 1161 1757 zu
1187 1695 1247 1755 zer¬

244 1741 394 1801 brechen.
446 1738 493 1798 Es
517 1738 549 1798 ist
573 1739 672 1799 etwas
700 1736 931 1796 gewöhnliches
960 1736 1110 1796 Schollen
1148 1736 1176 1796 zu
1214 1734 1256 1794 se¬

250 1784 339 1844 hen,
367 1783 451 1843 deren
484 1781 595 1841 Bauch
622 1783 844 1843 vorausstehet
866 1781 924 1841 und
951 1781 1025 1841 hart
1041 1781 1099 1841 ist,
1132 1781 1179 1841 als
1211 1780 1242 1840 ob

255 1831 289 1891 sie
319 1831 417 1891 voller
441 1830 621 1890 Fischrogen
657 1831 795 1891 wären,
831 1831 930 1891 worin
965 1831 1034 1891 man
1070 1831 1145 1891 aber
1175 1831 1243 1891 nach

257 1882 427 1942 Eröfnung
466 1884 522 1944 des
547 1885 705 1945 Bauches
743 1885 800 1945 gar
832 1885 939 1945 keinen
972 1885 1084 1945 Rogen
1130 1885 1249 1945 findet:

257 1932 330 1992 denn
359 1936 409 1996 die
426 1936 646 1996 Ausdehnung
675 1936 731 1996 und
760 1936 861 1996 Härte
884 1936 935 1996 des
958 1935 1110 1995 Bauches
1139 1933 1234 1993 entste

256 1981 309 2041 het
337 1981 461 2041 daher,
489 1979 548 2039 daß
581 1978 629 2038 der
662 1978 787 2038 Magen
825 1977 884 2037 und
917 1977 965 2037 die
988 1975 1160 2035 Gedärme
1188 1975 1247 2035 mit

258 2028 515 2088 Schalenfischen
547 2025 728 2085 angefüllet
755 2025 842 2085 sind,
880 2024 993 2084 welche
1025 2022 1118 2082 dieses
1144 2020 1225 2080 Thie

254 2080 289 2140 zu
319 2077 413 2137 seiner
432 2073 597 2133 Nahrung
627 2076 703 2136 ganz
733 2073 886 2133 hinunter
917 2073 1117 2133 geschlungen
1153 2070 1235 2130 hatte

246 2127 332 2187 ohne
354 2124 396 2184 ein
426 2124 606 2184 Vermögen
636 2125 665 2185 zu
695 2124 823 2184 haben,
846 2124 983 2184 dieselbe
998 2124 1026 2184 zu
1064 2121 1236 2181 zerbrechen

250 2175 323 2235 oder
348 2175 378 2235 zu
403 2172 605 2232 zernichten.

314 2221 393 2281 Eine
418 2220 509 2280 kleine
534 2218 687 2278 Gattung
712 2214 760 2274 des
785 2217 1005 2277 Pectunculus
1024 2216 1060 2276 ist
1085 2214 1134 2274 der
1153 2215 1225 2275 Fisch

252 2315 300 2375 die
322 2312 491 2372 Gedärme
513 2306 827 2366 herausgenommen
849 2314 1008 2374 worden,
1029 2313 1162 2373 gleichen
1189 2311 1236 2371 die

258 2361 328 2421 selbe
356 2358 399 2418 oft
416 2357 502 2417 einem
536 2354 812 2414 Halsgeschmeide
829 2363 926 2423 wegen
960 2363 1008 2423 der
1030 2362 1062 2422 an
1096 2359 1242 2419 einander

255 2409 440 2469 hangenden
472 2403 576 2463 Reihe
595 2401 687 2461 dieser
713 2408 904 2468 Muscheln,
923 2411 1040 2471 welche
1060 2409 1152 2469 daran
1183 2408 1251 2468 her¬

253 2461 434 2521 vorragen.
483 2452 629 2512 Nimmt
651 2452 719 2512 man
755 2455 831 2515 diese
860 2458 1019 2518 Schollen
1055 2458 1200 2518 heraus,
1222 2455 1249 2515 so

254 2509 357 2569 findet
392 2509 461 2569 man
497 2500 745 2560 gemeiniglich,
775 2502 826 2562 daß
867 2509 948 2569 viele
977 2506 1133 2566 derselben
1174 2506 1231 2566 zum

266 2557 365 2617 Theil
380 2557 579 2617 aufgelöset,
602 2551 687 2611 viele
709 2549 779 2609 aber
809 2556 879 2616 noch
908 2557 994 2617 ganz
1016 2557 1079 2617 und
1109 2555 1165 2615 gar
1194 2556 1251 2616 un¬

252 2605 427 2665 verändert
451 2605 532 2665 sind.

307 2650 353 2710 Es
374 2649 413 2709 ist
434 2652 567 2712 bekannt
588 2650 715 2710 genug,
742 2643 795 2703 daß
822 2645 868 2705 die
890 2652 1130 2712 Schalensische
1157 2649 1256 2709 ande¬

251 2703 304 2763 ren
334 2700 452 2760 Fischen
482 2700 535 2760 von
571 2700 725 2760 größerer
749 2691 808 2751 Art
832 2692 884 2752 zur
909 2700 1075 2760 Nahrung
1105 2700 1246 2760 dienen:

249 2751 426 2811 besonders
462 2748 538 2808 weis
574 2750 673 2810 man,
698 2743 750 2803 daß
792 2739 844 2799 das
881 2748 1222 2808 Meerstachelschwein

250 2799 305 2859 und
337 2799 398 2859 eine
424 2799 572 2859 Gattung
598 2798 653 2858 des
679 2792 846 2852 Wrayfish
878 2790 958 2850 --
983 2796 1032 2856 sich
1058 2796 1243 2856 hauptsäch¬

251 2849 301 2909 lich
334 2849 391 2909 von
425 2847 586 2907 denselben
619 2847 773 2907 nähren:
812 2838 901 2898 allein
935 2843 1011 2903 diese
1038 2847 1141 2907 Fische
1174 2846 1237 2906 sind

1271 346 1331 406 von
1365 346 1414 406 der
1437 348 1547 408 Natur
1570 348 1630 408 mit
1648 351 1758 411 solchen
1792 350 1952 410 Anstalten
1980 349 2145 409 versehen,
2163 354 2267 414 welche

1275 395 1312 455 sie
1335 395 1361 455 in
1394 395 1442 455 den
1470 395 1588 455 Stand
1610 398 1729 458 setzen,
1756 400 1886 460 dieselbe
1908 397 1935 457 zu
1962 395 2183 455 zermalmen,
2206 404 2264 464 und

1273 444 1332 504 zur
1354 443 1553 503 Verdäuung
1581 446 1818 506 zuzubereiten.
1868 448 1960 508 Ihre
1982 443 2176 503 Kinnbacken
2209 450 2267 510 sind

235 496 328 556 ihrem
373 491 567 551 natürlichen
600 494 721 554 schönen
761 494 893 554 Glanze
921 492 1159 552 hervorraget;
1182 496 1242 556 un=
1276 491 1341 551 mit
1370 491 1453 551 einer
1475 491 1535 551 Art
1558 494 1668 554 Zähne
1696 497 1873 557 versehen,
1901 497 2012 557 welche
2040 492 2089 552 sich
2123 492 2172 552 bis
2206 497 2255 557 zum

1276 537 1430 597 Gaumen
1470 539 1525 599 und
1553 542 1602 602 den
1641 545 1752 605 untern
1785 542 1885 602 Theil
1908 545 1962 605 des
1990 543 2140 603 Mundes
2168 544 2278 604 erstre¬

1272 589 1372 649 cken,
1404 587 1468 647 und
1500 587 1579 647 stark
1606 589 1707 649 genug
1739 592 1829 652 sind,
1856 592 1935 652 viele
1962 593 2094 653 härtere
2127 590 2269 650 Schalen

1277 637 1324 697 als
1357 637 1430 697 diese
1452 637 1478 697 in
1510 639 1594 699 einen
1622 637 1711 697 Brey
1738 640 1769 700 zu
1797 643 2018 703 verwandeln.
2056 643 2124 703 Die
2141 640 2272 700 Scholle

1276 686 1334 746 hat
1357 688 1545 748 dergleichen
1572 688 1728 748 Anstalten
1756 691 1814 751 gar
1837 691 1938 751 nicht,
1966 691 2138 751 angesehen
2165 688 2267 748 weder

1275 733 1314 793 an
1340 733 1390 793 den
1420 734 1646 794 Kinnbacken,
1662 736 1732 796 noch
1757 739 1793 799 am
1833 739 1958 799 Magen
1984 739 2079 799 etwas
2110 739 2139 799 zu
2165 739 2265 799 finden

1273 783 1332 843 ist,
1360 783 1413 843 das
1436 781 1566 841 dieselbe
1589 784 1795 844 zerknirschen
1823 786 1948 846 könnte.
1997 786 2155 846 Indessen
2188 786 2280 846 schei¬

1275 831 1333 891 net
1360 828 1406 888 die
1428 831 1539 891 Sache
1566 833 1613 893 sich
1651 834 1677 894 so
1709 834 1735 894 zu
1773 834 1963 894 verhalten,
1990 834 2042 894 daß
2080 834 2127 894 die
2159 837 2275 897 Natur

1276 879 1375 939 dieses
1398 879 1563 939 Geschöpf
1586 882 1647 942 mit
1669 882 1757 942 einem
1802 885 2001 945 auflösenden
2029 884 2134 944 Safte
2162 884 2189 944 in
2229 885 2278 945 sei¬

1280 928 1334 988 nem
1372 927 1464 987 Leibe
1484 929 1625 989 versehen
1656 931 1760 991 habe,
1786 933 1927 993 wodurch
1953 933 1983 993 es
2014 933 2199 993 vermögend
2230 933 2279 993 ist,

1275 973 1413 1033 dieselbe
1436 975 1462 1035 zu
1494 975 1670 1035 verdauen.

1324 1019 1399 1079 Die
1416 1022 1573 1082 Krabbe,
1600 1019 1670 1079 eben
1698 1019 1751 1079 wie
1774 1021 1844 1081 auch
1872 1024 1920 1084 der
1942 1026 2104 1086 Hummer
2132 1031 2175 1091 rc.
2202 1028 2283 1088 wer¬

1280 1067 1322 1127 fen
1354 1067 1480 1127 jährlich
1508 1067 1576 1127 ihre
1598 1064 1740 1124 Schalen
1767 1066 1819 1126 ab.
1873 1064 1947 1124 Bey
1968 1073 2190 1133 Annäherung
2217 1076 2280 1136 die¬

1280 1115 1326 1175 ses
1347 1112 1657 1172 außerordentlichen
1689 1112 1813 1172 Zufalls
1840 1112 1994 1172 erwählet
2016 1115 2073 1175 das
2089 1118 2187 1178 Thier
2208 1120 2280 1180 alle¬

1278 1158 1341 1218 zeit
1363 1161 1446 1221 einen
1484 1160 1753 1220 eingeschlossenen
1797 1162 1860 1222 und
1897 1163 2023 1223 sicheren
2067 1166 2283 1226 Aufenthalt,

1281 1207 1437 1267 entweder
1465 1210 1491 1270 in
1530 1210 1578 1270 den
1612 1207 1779 1267 Felshölen
1817 1211 1887 1271 oder
1915 1213 2007 1273 unter
2035 1216 2148 1276 großen
2181 1218 2278 1278 Stei¬

1276 1260 1358 1320 nen.
1409 1258 1458 1318 In
1492 1259 1585 1319 diesen
1614 1261 1746 1321 kriechen
1775 1258 1808 1318 sie
1831 1261 1891 1321 und
1919 1264 2024 1324 halten
2052 1264 2096 1324 sich
2130 1267 2218 1327 darin
2246 1267 2273 1327 so

1281 1311 1375 1371 lange
1403 1310 1480 1370 auf,
1508 1310 1552 1370 bis
1586 1312 1646 1372 alle
1669 1309 1785 1369 Theile
1807 1310 1895 1370 ihres
1924 1312 2073 1372 Körpers
2107 1315 2178 1375 nach
2212 1315 2267 1375 und

1271 1361 1339 1421 nach
1367 1363 1415 1423 sich
1442 1362 1640 1422 losgemacht
1662 1360 1791 1420 haben,
1813 1363 1904 1423 indem
1947 1360 1979 1420 sie
2007 1362 2054 1422 die
2076 1360 2189 1420 Beine
2216 1363 2274 1423 aus

1280 1410 1326 1470 den
1358 1410 1434 1470 alten
1466 1410 1606 1470 Schalen
1632 1408 1885 1468 herausziehen,
1911 1410 2020 1470 welche
2041 1410 2076 1470 sie
2098 1410 2185 1470 nebst
2206 1410 2252 1470 dem

248 1461 308 1521 de,
331 1459 358 1519 in
392 1458 441 1518 den
480 1458 651 1518 Schichten
685 1458 739 1518 von
768 1461 928 1521 Mergel,
951 1461 1044 1521 Thon
1089 1460 1160 1520 oder
1183 1458 1243 1518 Lei=
1277 1461 1403 1521 Deckel
1426 1458 1514 1518 ihres
1542 1458 1691 1518 Rückens
1725 1458 1874 1518 dahinten
1907 1458 2017 1518 laßen.
2073 1462 2128 1522 In
2162 1458 2255 1518 diesem

1270 1508 1392 1568 nackten
1426 1506 1580 1566 Zustande
1607 1508 1730 1568 machen
1757 1507 1793 1567 sie
1815 1508 1879 1568 eine
1907 1506 2045 1566 seltsame
2067 1509 2189 1569 Figur,
2211 1508 2269 1568 und

1280 1557 1364 1617 sehen
1391 1557 1475 1617 nicht
1492 1556 1639 1616 anders,
1666 1557 1713 1617 als
1740 1557 1776 1617 ein
1808 1554 2035 1614 unförmlicher
2057 1557 2278 1617 Fleischklum¬

1272 1608 1306 1668 pe
1327 1605 1416 1665 aus,
1441 1603 1574 1663 welcher
1605 1603 1668 1663 mit
1689 1602 1773 1662 einer
1793 1603 1852 1663 Art
1878 1605 2026 1665 Gallerte
2056 1602 2194 1662 bedecket
2220 1605 2278 1665 ist:

1275 1652 1344 1712 doch
1375 1649 1480 1709 härtet
1501 1649 1545 1709 sich
1576 1649 1651 1709 diese
1677 1649 1742 1709 nach
1778 1649 1838 1709 und
1874 1649 1938 1709 nach
1969 1649 1994 1709 zu
2029 1649 2114 1709 einer
2135 1649 2275 1709 Schale,

1281 1696 1390 1756 welche
1415 1694 1510 1754 etwas
1539 1694 1649 1754 größer
1673 1694 1726 1754 ist,
1746 1694 1788 1754 als
1812 1694 1860 1754 die
1885 1694 1946 1754 alte
1971 1691 2191 1751 abgeworfene
2215 1693 2253 1753 rc.

1651 1784 1917 1844 Carlsruhe.

1360 1834 1516 1894 Friedrich
1548 1834 1705 1894 Casimirs
1737 1837 1918 1897 Medicus,
1944 1837 2145 1897 Hochfürstl.
2164 1842 2277 1902 Pfalz=

1273 1888 1575 1948 "zweybrückischen
1605 1888 1767 1948 Hofraths
1797 1888 1860 1948 und
1890 1888 2134 1948 Hofmedicus,
2170 1891 2273 1951 Chur=

1306 1933 1416 1993 fürstl.
1433 1934 1628 1994 Pfalzischen
1660 1936 1998 1996 Garnisonsphysicus
2025 1933 2051 1993 in
2078 1936 2278 1996 Manheim,

1281 1969 1356 2029 „der
1389 1976 1497 2036 Stadt
1519 1978 1746 2038 Frankenthal
1769 1979 1828 2039 und
1861 1978 1914 2038 des
1942 1978 2056 2038 Amtes
2078 1981 2256 2041 Frensheim

1283 2021 1505 2081 "Physicus,
1543 2025 1602 2085 wie
1641 2025 1710 2085 auch
1744 2028 1960 2088 verschiedner
1993 2025 2182 2085 Akademien
2221 2029 2269 2089 der

1277 2072 1555 2132 "Wissenschaften
1590 2073 1794 2133 Mitglieds,
1817 2076 2056 2136 Geschichte
2091 2076 2278 2136 periodi¬

1278 2113 1404 2173 „scher
1429 2121 1748 2181 Krankheiten.
1797 2124 1905 2184 Erstes
1930 2127 1984 2187 und
2009 2127 2147 2187 zweytes
2166 2129 2274 2189 Buch.

1269 2157 1377 2217 „8vo,
1401 2166 1514 2226 1764,
1538 2166 1555 2226 1
1584 2166 1744 2226 Alphabet
1768 2169 1779 2229 3
1808 2170 1962 2230 Bogen.”
2009 2172 2083 2232 Der
2107 2175 2169 2235 Hr.
2182 2178 2272 2238 Verf.

1281 2211 1451 2271 beschreibt
1480 2211 1667 2271 periodische
1696 2214 1905 2274 Krankheiten
1940 2219 1991 2279 als
2020 2221 2116 2281 solche
2139 2224 2274 2284 Zufälle,

253 2267 367 2327 wovon
397 2266 445 2326 die
470 2264 602 2324 Scholle
633 2261 681 2321 sich
712 2261 947 2321 durchgehends
984 2264 1123 2324 nähret:
1147 2264 1231 2324 wenn
1280 2262 1328 2322 die
1353 2264 1382 2324 zu
1407 2258 1606 2318 bestimmten
1631 2263 1757 2323 Zeiten,
1776 2264 1872 2324 jedoch
1897 2264 1975 2324 ohne
2000 2265 2132 2325 Fieber,
2151 2270 2277 2330 erschie¬

1275 2312 1359 2372 nen.
1407 2309 1507 2369 Diese
1539 2306 1655 2366 beyden
1688 2312 1883 2372 Umstände,
1915 2310 1963 2370 die
1990 2312 2174 2372 bestimmte
2196 2318 2274 2378 Zeit,

1284 2361 1344 2421 und
1367 2359 1416 2419 die
1439 2354 1659 2414 Abwesenheit
1682 2360 1731 2420 des
1748 2360 1897 2420 Fiebers,
1909 2360 2030 2420 machen
2058 2360 2140 2420 ihren
2163 2365 2273 2425 Unter¬

1285 2408 1374 2468 schied
1401 2408 1459 2468 von
1497 2405 1612 2465 andern
1644 2409 1782 2469 Zufällen
1819 2409 1877 2469 und
1909 2406 1966 2466 von
1999 2408 2051 2468 den
2078 2411 2273 2471 Wechselfie¬

1280 2458 1349 2518 bern
1376 2458 1465 2518 aus,
1487 2452 1551 2512 mit
1572 2452 1662 2512 denen
1689 2458 1725 2518 sie
1747 2459 1848 2519 jedoch
1875 2458 2066 2518 mancherley
2093 2461 2278 2521 Verwand¬

1283 2506 1379 2566 schaft
1396 2504 1514 2564 haben,
1532 2500 1588 2560 wie
1611 2500 1633 2560 im
1673 2509 1837 2569 folgenden
1866 2506 1995 2566 gedacht
2019 2510 2137 2570 werden
2171 2513 2272 2573 wird.

1281 2556 1358 2616 Das
1386 2554 1491 2614 erste
1519 2548 1608 2608 Buch
1642 2553 1740 2613 dieses
1775 2556 1890 2616 Werks
1924 2554 1963 2614 ist
1996 2558 2068 2618 eine
2101 2560 2267 2620 mühsame

1277 2605 1486 2665 Sammlung
1516 2596 1572 2656 von
1601 2605 1828 2665 Erfahrungen
1851 2605 1970 2665 andrer
1994 2608 2124 2668 Aerzte,
2159 2611 2266 2671 welche

1284 2652 1445 2712 sorgfältig
1473 2646 1651 2706 angegeben
1678 2652 1759 2712 sind.
1803 2649 1872 2709 Die
1905 2654 2099 2714 mancherley
2132 2658 2272 2718 periodi¬

1279 2701 1363 2761 schen
1386 2698 1509 2758 Zufälle
1521 2694 1640 2754 werden
1663 2700 1747 2760 unter
1765 2700 1837 2760 fünf
1855 2703 2086 2763 Abtheilungen
2110 2703 2267 2763 gebracht;

1272 2748 1375 2808 zuerst
1391 2744 1469 2804 wird
1495 2742 1547 2802 von
1579 2747 1692 2807 einigen
1724 2751 1927 2811 allgemeinen
1959 2754 2103 2814 geredet;
2125 2750 2259 2810 alsdenn

1278 2796 1397 2856 werden
1430 2793 1473 2853 die
1495 2795 1702 2855 periodischen
1730 2799 1948 2859 Krankheiten
1976 2799 2029 2859 des
2057 2799 2187 2859 Kopfs,
2215 2798 2263 2858 des

1275 2845 1506 2905 Unterleibes,
1536 2843 1587 2903 der
1611 2849 1703 2909 Arme
1733 2849 1790 2909 und
1814 2852 1930 2912 Füße,
1965 2849 1994 2909 in
2018 2847 2081 2907 vier
2110 2844 2261 2904 Kapiteln
