2479 3508
234 324 296 384 nes
318 323 443 383 werden
472 321 499 381 in
534 321 638 381 wenig
674 318 784 378 Tagen
820 318 1022 378 seegelfertig
1057 318 1162 378 seyn,
1197 315 1259 375 wie

237 373 314 433 denn
360 372 409 432 die
443 372 588 432 dortigen
627 369 816 429 Werkleute
850 369 928 429 über
957 367 1006 427 die
1040 366 1256 426 gewöhnliche

240 425 313 485 Zeit
336 419 478 479 arbeiten
507 419 648 479 müssen.
723 416 773 476 Am
825 413 921 473 Bord
967 415 1040 475 aller
1075 413 1131 473 zum
1172 416 1262 476 Aus¬

244 472 352 532 laufen
376 467 575 527 bestimmten
612 467 865 527 Kriegesschiffe
890 464 944 524 soll
969 464 1010 524 ein
1047 464 1143 524 neues
1174 463 1264 523 Ma=
1295 465 1439 525 causchen
1488 464 1548 524 und
1584 467 1705 527 andern
1742 470 1971 530 benachbarten
2008 467 2303 527 Woywodschaften

244 522 362 582 noevre
390 519 584 579 eingeführt
607 515 752 575 werden,
780 515 834 575 von
867 515 996 575 welchen
1024 515 1094 575 man
1132 513 1262 573 glaubt,

238 572 294 632 daß
324 571 352 631 es
382 569 432 629 zur
456 569 531 629 Zeit
548 569 634 629 einer
663 566 772 626 Action
807 563 864 623 von
894 560 1008 620 grossen
1037 565 1164 625 Nutzen
1193 560 1261 620 seyn

238 619 362 679 werde.
409 616 568 676 Obgleich
597 613 670 673 über
700 613 745 673 die
768 613 1001 673 Bestimmung
1031 610 1127 670 dieser
1167 610 1264 670 Krie¬

237 670 407 730 gesschiffe
459 666 664 726 verschiedne
710 663 1040 723 Muthmaßungen!
1076 658 1263 718 angestellet

242 718 399 778 werden,
438 718 470 778 so
498 717 640 777 beruhen
673 712 825 772 dieselben
869 712 940 772 doch
974 712 1038 772 nur
1072 711 1131 771 auf
1159 709 1245 769 einem

251 770 372 830 seichten
407 766 568 826 Grunde,
604 763 661 823 und
696 761 730 821 es
761 763 795 823 ist
824 761 957 821 gewiß,
981 760 1038 820 daß
1073 760 1119 820 die
1148 760 1263 820 wahre

247 819 486 879 Bestimmung
514 815 580 875 sehr
603 813 709 873 geheim
754 810 898 870 gehalten
932 810 1032 870 wird.
1060 810 1165 870 Wenn
1188 806 1260 866 auch

244 870 338 930 gleich
367 867 449 927 schon
478 865 511 925 am
557 863 650 923 Ende
685 858 785 918 dieses
824 861 991 921 Monats,
1020 858 1080 918 wie
1109 858 1181 918 man
1215 854 1270 914 be¬

250 918 403 978 hauptet,
432 914 500 974 eine
523 911 670 971 Escadre
688 909 863 969 auslaufen
892 909 994 969 wird,
1018 909 1045 969 so
1069 907 1176 967 dürfte
1194 903 1261 963 doch

248 969 304 1029 der
327 966 481 1026 Admiral
499 963 590 1023 selbst
613 959 698 1019 nicht
716 957 806 1017 eher,
831 957 881 1017 als
905 955 961 1015 bey
985 955 1081 1015 seiner
1116 954 1269 1014 Ankunft

250 1016 311 1076 auf
333 1013 417 1073 einer
440 1010 584 1070 gewissen
618 1006 796 1066 Seehöhe,
824 1001 991 1061 erfahren,
1031 1003 1136 1063 wohin
1165 1004 1192 1064 er
1220 1001 1270 1061 sei¬

250 1062 304 1122 nen
337 1061 418 1121 Lauf
435 1058 570 1118 nehmen
598 1054 674 1114 soll.
718 1051 772 1111 Es
805 1051 968 1111 verlautet
990 1052 1175 1112 übrigens,
1203 1052 1262 1112 daß

250 1113 378 1173 zufolge
400 1106 590 1166 besonderer
613 1103 673 1163 aus
702 1100 890 1160 Frankreich
919 1097 980 1157 und
1009 1100 1169 1160 Spanien
1203 1100 1270 1160 ein¬

256 1161 444 1221 gegangnen
487 1154 705 1214 Nachrichten
741 1148 799 1208 auf
829 1150 888 1210 das
924 1148 1131 1208 schleunigste
1155 1148 1266 1208 frische

250 1208 618 1268 Verhaltungsbefehle
641 1202 673 1262 an
706 1201 749 1261 die
777 1198 1026 1258 Gouverneurs
1054 1197 1107 1257 von
1130 1196 1259 1256 Gibral

246 1262 299 1322 tar
321 1261 379 1321 und
406 1255 564 1315 Minorca
592 1255 681 1315 sollen
708 1251 915 1311 abgeschicket
937 1249 1079 1309 werden.
1128 1246 1202 1306 Bey
1229 1247 1271 1307 ei¬

250 1312 305 1372 ner
328 1309 584 1369 Versammlung
623 1305 672 1365 der
701 1303 878 1363 Akademie
906 1300 956 1360 der
990 1297 1256 1357 Wissenschaften

251 1360 383 1420 wurden
413 1358 464 1418 dem
500 1357 609 1417 Herrn
633 1352 794 1412 Harrison
818 1351 870 1411 zum
917 1351 1043 1411 zweiten
1067 1351 1153 1411 mahl
1172 1351 1252 1411 1000

255 1411 325 1471 Pf.
350 1409 414 1469 St.
432 1405 485 1465 für
509 1404 591 1464 seine
616 1402 799 1462 Erfindung
823 1399 1017 1459 zuerkannt.

466 1452 737 1512 Plymouth,
761 1452 811 1512 den
840 1449 902 1509 19.
931 1449 1044 1509 Sept.

299 1509 348 1569 Am
388 1505 555 1565 Montage
583 1500 632 1560 kam
684 1500 727 1560 die
756 1499 1061 1559 Kriegsschaluppe
1091 1497 1145 1557 der
1179 1497 1256 1557 Spy

251 1554 278 1614 in
313 1556 346 1616 13
375 1554 482 1614 Tagen
512 1554 568 1614 von
597 1551 670 1611 St.
688 1548 784 1608 John
814 1548 836 1608 in
859 1548 960 1608 Terre
978 1548 1103 1608 neuve,
1126 1548 1194 1608 hier
1206 1548 1267 1608 an.

250 1605 322 1665 Sie
345 1602 479 1662 bringet
507 1602 557 1662 die
591 1599 769 1659 Nachricht
798 1598 876 1658 mit,
910 1597 965 1657 daß
999 1599 1049 1659 die
1084 1596 1261 1656 Franzosen

249 1655 324 1715 alda
368 1652 433 1712 eine
472 1646 580 1706 Flotte
608 1646 841 1706 Kriegsschiffe
868 1643 1004 1703 hätten,
1026 1643 1074 1703 die
1096 1643 1124 1703 in
1162 1644 1248 1704 einem

254 1697 490 1757 Kriegsschiffe
516 1694 576 1754 von
607 1691 672 1751 64,
698 1690 784 1750 einer
814 1691 960 1751 Fregatte
986 1688 1041 1748 von
1077 1688 1112 1748 36
1153 1688 1213 1748 und
1244 1691 1258 1751 2

243 1745 304 1805 von
334 1745 394 1805 20,
421 1739 507 1799 einer
534 1736 729 1796 Schaluppe
755 1733 811 1793 von
842 1733 876 1793 14
907 1730 1067 1790 Kanonen
1098 1730 1154 1790 und
1180 1730 1257 1790 danr

251 1792 346 1852 mehr
370 1788 420 1848 als
444 1787 483 1847 80
513 1781 779 1841 Fischerschiffen,
809 1778 865 1838 von
895 1778 1024 1838 welchen
1048 1778 1127 1838 jedes
1157 1778 1196 1838 10
1219 1775 1264 1835 bis

249 1837 285 1897 20
316 1840 474 1900 Kanonen
506 1837 633 1897 führte,
659 1834 829 1894 bestünde,
854 1830 909 1890 bey
946 1831 1074 1891 welchen
1111 1828 1263 1888 Schiffen

256 1893 325 1953 man
354 1893 412 1953 auf
430 1890 517 1950 5000
558 1888 668 1948 Mann
704 1885 831 1945 zählte,
861 1884 977 1944 welche
1000 1883 1052 1943 die
1082 1882 1186 1942 Fische
1210 1882 1267 1942 auf

255 1945 303 2005 dem
347 1945 477 2005 Strade
505 1939 685 1999 behandelu
712 1938 859 1998 müsten.
881 1933 930 1993 Es
958 1935 1044 1995 wäre
1067 1936 1175 1996 gesagt
1192 1933 1251 1993 wor

257 1993 330 2053 den,
359 1995 410 2055 daß
444 1992 490 2052 die
513 1989 688 2049 Franzosen
723 1987 790 2047 St.
808 1987 927 2047 Pierre
950 1984 984 2044 zu
1018 1984 1182 2044 befestigen
1217 1981 1267 2041 ge¬

256 2043 404 2103 dächten,
442 2040 596 2100 welches,
633 2038 723 2098 wenn
766 2037 797 2097 es
830 2034 924 2094 ihnen
968 2034 1073 2094 damit
1100 2031 1143 2091 ein
1170 2032 1270 2092 Ernst

260 2096 324 2156 seyn
351 2092 442 2152 solte,
469 2091 514 2151 die
541 2088 731 2148 Engländer
764 2085 796 2145 zu
830 2085 1026 2145 verhindern
1059 2085 1092 2145 zu
1132 2082 1262 2142 schwach

256 2145 389 2205 wären.

452 2184 739 2244 Stockholm,
775 2184 828 2244 den
864 2184 930 2244 18.
955 2183 1067 2243 Sept.

312 2234 385 2294 Der
414 2237 526 2297 Ritter
555 2234 730 2294 Linnäus,
753 2230 843 2290 erster
872 2230 1013 2290 Königl.
1036 2230 1261 2290 Leibmedicus

260 2288 341 2348 wird
363 2285 487 2345 ehstens
515 2283 553 2343 ein
575 2282 666 2342 Werk
695 2281 786 2341 unter
808 2279 862 2339 den
890 2282 1004 2342 Titel:
1026 2279 1183 2339 Musaeum
1221 2277 1275 2337 Sa¬

256 2341 325 2401 crae
349 2334 458 2394 regiae
482 2330 668 2390 Majestatis
692 2327 871 2387 Ludovicae
895 2329 1017 2389 Vlricae
1041 2329 1174 2389 reginae
1192 2327 1266 2387 Sue-

256 2390 352 2450 corum
399 2384 461 2444 cet.
479 2381 508 2441 an
543 2379 593 2439 das
623 2378 703 2438 Licht
726 2376 846 2436 stellen.

454 2426 716 2486 Warschau,
739 2426 795 2486 den
829 2426 896 2486 11.
919 2429 1080 2489 October.

306 2488 385 2548 Sr.
408 2484 553 2544 Königl.
583 2477 677 2537 Maj.
700 2473 794 2533 unser
824 2478 1086 2538 allergnädigster
1109 2476 1195 2536 Herr
1225 2473 1253 2533 er

252 2539 392 2599 scheinen
426 2535 540 2595 täglich
574 2528 600 2588 in
641 2524 734 2584 Dero
762 2523 962 2583 Zimmern;
997 2527 1151 2587 ertheilen
1185 2524 1271 2584 öftre

250 2587 473 2647 Audienzen,
518 2581 579 2641 und
613 2575 808 2635 empfangen
842 2571 876 2631 an
916 2575 1261 2635 allerhöchstdieselben

257 2637 424 2697 gerichtete
449 2629 653 2689 Memoriale
679 2624 740 2684 und
766 2620 1013 2680 Bittschriften.
1057 2626 1137 2686 Sie
1156 2626 1261 2686 zieher

265 2685 325 2745 fast
345 2683 454 2743 immer
480 2679 510 2739 an
541 2676 633 2736 Dero
664 2674 762 2734 Tafel
781 2667 977 2727 verschiedne
1003 2676 1125 2736 Herren
1156 2676 1272 2736 Sena=

252 2735 368 2795 tores,
394 2729 578 2789 Minister,
603 2724 744 2784 Beamte
769 2720 830 2780 und
856 2720 1064 2780 distinguirte
1090 2725 1261 2785 Cavaliers

249 2784 423 2844 divertiren
448 2778 492 2838 sich
518 2778 573 2838 mit
592 2775 704 2835 öfteren
729 2769 916 2829 Ausfahren
942 2769 1003 2829 und
1023 2775 1185 2835 Besuchen
1216 2774 1265 2834 bey

251 2832 467 2892 verschiednen
502 2827 677 2887 Ministern
708 2826 771 2886 und
795 2817 1005 2877 Magnaten.
1053 2823 1181 2883 Einige
1205 2822 1268 2882 hier

262 2882 450 2942 befindliche
472 2876 696 2936 Herrschaften
724 2874 815 2934 haben
851 2867 927 2927 Sr.
949 2870 1053 2930 Maj.
1075 2876 1144 2936 dero
1173 2874 1271 2934 angez
1307 2874 1453 2934 ersuchet
1475 2874 1544 2934 ihre
1559 2879 1832 2939 Pränumeration
1868 2882 1930 2942 mit
1945 2882 1958 2942 2
1980 2883 2035 2943 Fl.
2057 2885 2295 2945 einzuschicken.

1291 316 1445 376 worbene
1471 318 1587 378 Militz
1607 324 1810 384 abgetreten,
1830 320 1940 380 welche
1966 319 2033 379 Se.
2059 320 2157 380 Maj.
2176 320 2200 380 im
2238 321 2312 381 Fel¬

1296 368 1329 428 de
1351 366 1384 426 zu
1412 369 1539 429 besehen
1567 372 1727 432 geruhet,
1755 373 1816 433 und
1844 372 1882 432 sie
1905 372 1932 432 in
1966 369 2015 429 die
2032 369 2314 429 Winterquartie¬

1294 416 1331 476 re
1353 414 1573 474 abgeschicket.
1623 416 1698 476 Die
1720 420 1741 480 in
1774 419 1822 479 der
1845 419 1985 479 Gegend
2012 419 2136 479 Lowicz
2163 416 2190 476 im
2234 417 2314 477 Cra¬

1295 515 1481 575 befindliche
1511 517 1613 577 Russ.
1636 518 1795 578 Truppen
1830 521 1977 581 beziehen
2012 521 2085 581 auch
2121 521 2205 581 schon
2240 518 2307 578 ihre

1293 563 1616 623 Winterquartiere.
1664 568 1737 628 Sie
1759 572 1843 632 leben
1870 571 1923 631 für
1945 569 1992 629 ihr
2019 572 2124 632 Geld,
2140 570 2198 630 und
2225 569 2299 629 thun

1295 613 1491 673 niemanden
1529 612 1598 672 was
1630 616 1752 676 leides.
1800 618 1858 678 Da
1896 619 1969 679 Sr.
2002 619 2145 679 Königl.
2172 619 2315 679 Majest.

1295 663 1396 723 nichts
1425 661 1572 721 eifrigers
1601 664 1651 724 als
1674 666 1725 726 den
1754 669 1946 729 öffentlichen
1975 667 2167 727 Wohlstand
2201 668 2314 728 beher¬

1298 712 1401 772 zigen,
1423 711 1444 771 so
1472 712 1597 772 werden
1625 718 1966 778 allerhöchstdieselben
2000 718 2053 778 alle
2070 720 2162 780 Dero
2185 720 2314 780 Bemü¬

1299 760 1423 820 hungen
1456 761 1483 821 zu
1511 761 1608 821 diesem
1642 766 1815 826 Endzweck
1838 769 2033 829 anwendet,
2045 769 2143 829 damit
2170 769 2229 829 auf
2257 769 2305 829 den

1302 810 1568 870 bevorstehenden
1601 816 1839 876 Krönungstag
1862 816 1928 876 eine
1951 816 2028 876 feste
2051 819 2105 879 und
2129 819 2233 879 sichere
2250 819 2316 879 Re=

1296 861 1518 921 gierungsart
1546 860 1578 920 im
1622 864 1730 924 Lande
1769 865 1958 925 festgesetzet
2002 867 2127 927 werden
2176 867 2317 927 möchte.

1302 906 1422 966 Dieses
1451 909 1478 969 zu
1512 912 1661 972 erreichen
1700 912 1760 972 sind
1794 915 1843 975 bey
1877 915 1948 975 Sr.
1965 918 2115 978 Durchl.
2143 918 2192 978 dem
2231 915 2319 975 Für¬

1303 957 1361 1017 sten
1388 957 1530 1017 Primas
1557 960 1757 1020 verschiedne
1779 963 2122 1023 Berathschlagungen
2159 967 2301 1027 gehalten

1301 1002 1450 1062 worden,
1472 1006 1574 1066 wegen
1606 1007 1802 1067 Beylegüng
1829 1010 1880 1070 der
1901 1012 2134 1072 Zwistigkeiten
2166 1016 2305 1076 zwischen

1301 1051 1393 1111 denen
1430 1052 1565 1112 Preuß.
1591 1055 1751 1115 Ständen
1799 1055 1861 1115 und
1897 1057 1954 1117 den
1991 1058 2078 1118 Hrn.
2105 1061 2307 1121 Woywoden

1306 1100 1359 1160 von
1391 1103 1624 1163 Pomerellen,
1646 1103 1773 1163 Grafen
1800 1105 2023 1165 Nostowski;
2044 1107 2086 1167 um
2124 1109 2219 1169 solche
2241 1109 2320 1169 voll¬

1299 1148 1448 1208 kommen
1476 1153 1663 1213 abzuthun,
1686 1154 1808 1214 werden
1836 1154 1962 1214 sowohl
1980 1157 2029 1217 des
2057 1157 2145 1217 Hrn.
2156 1157 2311 1217 Bischofs

1299 1198 1354 1258 von
1388 1201 1543 1261 Cujavien
1577 1202 1620 1262 als
1649 1204 1698 1264 des
1721 1204 1815 1264 Hrn.
1837 1207 1959 1267 Grafen
1987 1205 2186 1265 Zomoyski,
2209 1204 2314 1264 Woy-

1298 1251 1404 1311 woden
1436 1252 1489 1312 von
1521 1253 1759 1313 Janawroclau
1792 1258 1844 1318 auf
1866 1257 1918 1317 den
1946 1258 2216 1318 bevorstehenden
2248 1258 2317 1318 Ge=

1299 1303 1531 1363 nerallandtag
1558 1305 1579 1365 in
1612 1306 1763 1366 Preußen
1801 1306 1850 1366 sich
1883 1309 2071 1369 einfinden;
2104 1309 2157 1369 der
2190 1312 2303 1372 neulich

1307 1352 1371 1412 hier
1393 1354 1593 1414 angelangte
1615 1357 1702 1417 Herr
1724 1356 1880 1416 Castellan
1913 1357 1967 1417 von
1995 1360 2200 1420 Warschau,
2223 1360 2314 1420 Graf

1302 1402 1425 1462 Soltik
1453 1404 1539 1464 hatte
1567 1404 1685 1464 gestern
1718 1406 1778 1466 bey
1811 1407 1886 1467 Sr.
1909 1407 2010 1467 Maj.
2033 1410 2206 1470 Audienz,
2250 1410 2308 1470 und

1298 1455 1499 1515 überreichte
1521 1455 1913 1515 allerhöchstdenenselben
1956 1457 1998 1517 ein
2036 1457 2094 1517 von
2132 1458 2184 1518 dem
2227 1461 2317 1521 Hrn.

1301 1500 1439 1560 Bischof
1472 1503 1528 1563 von
1565 1503 1688 1563 Cracau
1725 1506 1921 1566 abgelaßnes
1958 1506 2139 1566 Schreiben
2176 1509 2237 1569 mit
2264 1509 2315 1569 der

1300 1554 1584 1614 vollkommensten
1619 1557 1833 1617 Recognition
1880 1557 1973 1617 nebst
2009 1559 2066 1619 der
2095 1560 2304 1620 beygefügten

1303 1602 1588 1662 Manifestation.

1456 1670 1854 1730 Constantinopel,
1883 1672 1933 1732 den
1974 1673 2036 1733 27.
2060 1676 2150 1736 Aug.

1351 1709 1400 1769 Am
1435 1712 1538 1772 20sten
1563 1712 1642 1772 starb
1662 1712 1710 1772 der
1726 1715 1997 1775 Reichs=Effendi
2012 1715 2081 1775 oder
2101 1721 2317 1781 Reichskanz=

1301 1754 1346 1814 ler
1372 1757 1401 1817 an
1443 1757 1528 1817 einem
1570 1760 1797 1820 Schlagfluß,
1834 1760 1894 1820 und
1925 1760 1980 1820 der
2006 1768 2214 1828 Großsultan
2250 1771 2320 1831 con¬

1306 1808 1419 1868 ferirte
1442 1811 1515 1871 noch
1550 1811 1584 1871 an
1618 1813 1754 1873 selbigem
1805 1813 1896 1873 Tage
1925 1814 2004 1874 seine
2033 1819 2231 1879 Bedienung
2271 1822 2310 1882 an

1297 1861 1413 1921 Hadgi
1438 1864 1636 1924 Mehemet,
1666 1864 1723 1924 und
1754 1864 1912 1924 ernannte
1936 1870 2064 1930 Achmet
2088 1873 2234 1933 Effendi,
2246 1873 2321 1933 wel=

1306 1912 1371 1972 cher
1396 1915 1444 1975 als
1481 1915 1644 1975 Minister
1675 1918 1710 1978 am
1759 1919 1976 1979 Preußischen
2013 1925 2103 1985 Hofe
2128 1927 2321 1987 gestanden,

1307 1967 1357 2027 zum
1403 1966 1628 2026 Mecktoupchi
1649 1966 1796 2026 Effendi.

1611 2100 2011 2160 AVERTISSEMENT.

1355 2148 1434 2208 Bey
1472 2148 1520 2208 dem
1570 2148 1724 2208 Verleger
1761 2151 1859 2211 dieser
1891 2155 2026 2215 Zeitung
2057 2156 2093 2216 ist
2119 2161 2155 2221 zu
2186 2163 2321 2223 haben:

1304 2199 1380 2259 Der
1411 2197 1546 2257 Greis,
1570 2196 1641 2256 7ter
1665 2196 1782 2256 Theil,
1807 2202 1848 2262 8,
1867 2202 1884 2262 1
1920 2204 1961 2264 fl.
2014 2209 2197 2269 Rechnung
2227 2214 2315 2274 ohne

1310 2250 1452 2310 Wirth,
1476 2245 1547 2305 oder
1571 2246 1754 2306 Schicksale
1785 2248 1837 2308 die
1862 2249 1932 2309 man
1969 2252 2051 2312 nicht
2076 2258 2193 2318 vorher
2224 2258 2306 2318 sehen

1314 2300 1414 2360 kann,
1434 2299 1477 2359 8,
1496 2297 1514 2357 1
1540 2297 1577 2357 fl.
1635 2297 1728 2357 Jac.
1748 2297 1879 2357 Friedr.
1898 2300 2073 2360 Feddersen
2105 2306 2224 2366 Lehren
2262 2313 2312 2373 der

1312 2349 1485 2409 Weisheit
1508 2345 1554 2405 für
1578 2344 1636 2404 das
1659 2348 1948 2408 Frauenzimmer,
1972 2350 2012 2410 8,
2030 2354 2069 2414 24
2106 2357 2163 2417 gr.
2209 2362 2319 2422 Ham¬

1306 2401 1426 2461 burger
1445 2394 1614 2454 Journal,
1633 2395 1706 2455 8tes
1731 2398 1857 2458 Stück,
1876 2401 1918 2461 8,
1943 2401 2057 2461 15gr.
2100 2405 2245 2465 Götter=
2252 2417 2312 2477 und

1309 2449 1623 2509 Heldengespräche,
1650 2444 1744 2504 neue,
1770 2449 1958 2509 vermehrte
1971 2449 2128 2509 Auflage,
2148 2458 2191 2518 8,
2211 2465 2324 2525 1765,

1311 2502 1324 2562 1
1345 2500 1385 2560 fl.
1406 2500 1412 2560 6
1447 2498 1494 2558 gr.
1551 2497 1597 2557 J.
1619 2496 1666 2556 J.
1694 2498 1864 2558 Spalding
1906 2499 2097 2559 Barthische
2133 2513 2323 2573 Abschieds=

1307 2551 1452 2611 predigt,
1471 2550 1515 2610 8,
1535 2542 1649 2602 1764,
1669 2542 1687 2602 9
1713 2543 1769 2603 gr.
1822 2548 1890 2608 Auf
1910 2545 1998 2605 Hrn.
2018 2548 2062 2608 D.
2076 2559 2240 2619 Arnoldts
2260 2565 2322 2625 Ho=

1306 2599 1444 2659 miletick
1463 2593 1541 2653 wird
1572 2590 1584 2650 1
1615 2590 1651 2650 fl.
1670 2596 1954 2656 Pränumeration
1979 2604 2239 2664 angenommen,
2252 2614 2312 2674 und

1305 2648 1423 2708 können
1454 2643 1501 2703 die
1525 2638 1649 2698 Herren
1674 2646 1964 2706 Pränumeranten
1995 2649 2042 2709 den
2072 2655 2166 2715 ersten
2197 2661 2309 2721 Bogen

1308 2697 1444 2757 sogleich
1466 2693 1498 2753 in
1520 2688 1688 2748 Empfang
1711 2694 1867 2754 nehmen.

1353 2773 1412 2833 Da
1440 2773 1504 2833 mit
1526 2772 1575 2832 dem
1613 2776 1711 2836 70sten
1744 2778 1847 2838 Stück
1874 2782 1966 2842 dieser
1983 2787 2119 2847 Zeitung
2146 2787 2189 2847 ein
2217 2787 2314 2847 neues

1308 2824 1462 2884 Quartal
1483 2823 1710 2883 angegangen,
1721 2827 1741 2887 so
1762 2829 1881 2889 werden
1913 2832 1958 2892 die
1980 2835 2061 2895 resp.
2073 2835 2310 2895 Interessenten
