2479 3508
483 332 738 392 Warschau,
762 333 816 393 den
852 333 923 393 4ten
965 327 1047 387 Jul.

317 392 446 452 Endlich
479 389 517 449 ist
539 388 587 448 die
615 388 766 448 Antwort
794 389 842 449 der
865 388 1124 448 Ottmannischen
1153 381 1265 441 Pforte

271 446 330 506 auf
351 443 406 503 das
431 440 486 500 von
513 438 562 498 dem
603 437 779 497 polnischen
810 437 925 497 Senat
945 436 975 496 an
1011 434 1051 494 sie
1087 434 1267 494 abgelaßne

270 491 448 551 Schreiben
491 485 706 545 eingelaufen.
770 482 843 542 Sie
875 482 1011 542 gründet
1048 482 1100 542 sich
1127 481 1258 541 kürzlich

264 541 320 601 auf
342 539 388 599 die
415 536 634 596 Bestätigung
660 533 712 593 des
749 530 983 590 Carolowitzer
1016 530 1172 590 Friedens
1209 527 1266 587 und

270 586 336 646 räth
363 583 414 643 den
445 583 543 643 Polen
579 580 636 640 an,
673 580 775 640 keinen
812 579 1003 639 Ausländer
1040 578 1091 638 zum
1138 575 1266 635 Könige

270 638 300 698 zu
332 632 482 692 wählen,
509 629 555 689 die
576 628 845 688 Ottomannische
872 623 996 683 Pforte
1028 622 1198 682 verbindet
1220 622 1266 682 sich

270 684 340 744 auch
371 679 466 739 davor
492 679 521 739 zu
552 676 678 736 sorgen,
704 675 759 735 daß
800 673 850 733 der
886 673 996 733 Krone
1022 670 1123 730 Polen
1164 668 1264 728 weder

275 730 324 790 von
360 729 476 789 Seiten
507 727 557 787 der
583 723 805 783 Tartarischen
841 721 1073 781 Völkerschaft,
1103 718 1173 778 noch
1204 714 1259 774 von

278 778 394 838 andern
421 777 532 837 welche
559 772 648 832 unter
681 772 733 832 der
760 769 882 829 Pforte
914 769 1194 829 Bothmäßigkeit
1221 761 1273 821 ste¬

270 825 354 885 hen,
376 822 486 882 irgend
514 820 555 880 ein
588 818 740 878 Schaden
774 818 831 878 und
858 813 995 873 Unrecht
1012 813 1180 873 zugefüget
1197 810 1270 870 wer¬

281 873 332 933 den
368 872 502 932 möchte.
548 864 661 924 Durch
693 867 775 927 einen
806 864 970 924 Expressen
1002 863 1037 923 ist
1064 861 1130 921 hier
1156 861 1202 921 die
1223 857 1274 917 ge¬

282 921 364 981 wisse
380 918 551 978 Nachricht
567 915 806 975 eingegangen,
832 912 889 972 daß
915 910 967 970 der
988 909 1081 969 Graf
1102 909 1278 969 Branicki,

286 968 429 1028 Starost
449 966 501 1026 von
530 963 641 1023 Holicz
665 963 722 1023 mit
742 960 794 1020 der
819 960 904 1020 unter
934 957 1029 1017 seinem
1068 955 1274 1015 Commando

283 1013 491 1073 befindlichen
521 1007 639 1067 Armee
664 1005 694 1065 zu
719 1004 897 1064 Tomaczow
942 1003 991 1063 bey
1021 1004 1154 1064 Zamose
1179 995 1282 1055 einge¬

287 1058 420 1118 troffen,
441 1052 584 1112 woselbst
608 1049 637 1109 er
657 1048 781 1108 fernere
801 1046 901 1106 Ordre
926 1046 979 1106 vom
1018 1046 1147 1106 Fürsten
1172 1043 1281 1103 Gene¬

283 1100 574 1160 ralregimentario
599 1094 786 1154 abwarten,
812 1091 870 1151 und
896 1091 1028 1151 alsdenn
1063 1094 1157 1154 gegen
1187 1088 1280 1148 Clod¬

292 1151 403 1211 zimirz
430 1145 614 1205 aufbrechen
641 1142 783 1202 wollen;
810 1139 857 1199 Am
894 1139 1036 1199 Montag
1063 1140 1121 1200 gab
1148 1138 1195 1198 der
1216 1133 1284 1193 hie¬

297 1201 356 1261 sige
378 1197 518 1257 Königl.
535 1192 729 1252 Preußische
757 1187 919 1247 Gesandte
942 1185 984 1245 ein
1012 1187 1222 1247 Tractement
1239 1180 1271 1240 an

293 1249 346 1309 die
363 1246 509 1306 Durchl.
526 1240 731 1300 Czartoriski
748 1237 808 1297 und
830 1237 900 1297 ihre
922 1235 1085 1295 Freunde,
1123 1231 1177 1291 bey
1215 1227 1290 1287 wel¬

297 1297 362 1357 cher
384 1293 607 1353 Gelegenheit
634 1288 770 1348 derselbe
798 1287 889 1347 ihnen
928 1285 971 1345 ein
1004 1282 1183 1342 Schreiben
1222 1279 1275 1339 von

303 1345 395 1405 seinem
442 1342 571 1402 Könige
603 1338 665 1398 mit
692 1339 743 1399 der
769 1336 950 1396 Nachricht
977 1336 1194 1396 vorgezeiget,
1226 1333 1282 1393 daß

303 1393 349 1453 der
377 1390 471 1450 Fürst
488 1384 646 1444 Woywod
668 1384 726 1444 von
753 1384 884 1444 Wilda,
906 1384 959 1444 den
986 1384 1075 1444 Hrn.
1097 1382 1165 1442 Pod
1198 1381 1287 1441 Sta¬

302 1440 397 1500 rosten
427 1436 482 1496 von
508 1434 613 1494 Ziolow
649 1432 713 1492 nach
734 1431 850 1491 Berlin
881 1431 1096 1491 abgeschicket,
1122 1428 1156 1488 um
1192 1428 1277 1488 durch

300 1485 353 1545 ihn
386 1484 434 1544 bey
467 1482 537 1542 Sr.
554 1479 764 1539 Preußischen
803 1481 900 1541 Maj.
916 1479 954 1539 um
992 1479 1089 1539 Hülfe
1117 1476 1176 1536 und
1198 1476 1289 1536 Bey=

302 1535 389 1595 stand
420 1530 632 1590 anzuhalten,
658 1527 683 1587 es
715 1527 750 1587 ist
766 1527 818 1587 ihm
859 1527 967 1587 solches
999 1525 1081 1585 nicht
1107 1524 1168 1584 nur
1195 1524 1287 1584 abge¬

300 1581 459 1641 schlagen,
486 1578 615 1638 sondern
651 1575 723 1635 auch
755 1575 837 1635 keine
869 1575 1013 1635 Audienz
1039 1575 1199 1635 gegeben,
1221 1571 1282 1631 und

305 1628 399 1688 dabey
434 1624 464 1684 zu
499 1622 693 1682 vornehmen
729 1619 862 1679 gegeben
898 1619 1047 1679 worden,
1072 1619 1126 1679 daß
1162 1619 1206 1679 sich
1241 1616 1290 1676 der

307 1673 402 1733 Fürst
422 1667 579 1727 Woywod
608 1666 661 1726 von
695 1664 800 1724 Wilda
829 1663 977 1723 vermöge
992 1662 1039 1722 der
1059 1661 1188 1721 vorhero
1207 1661 1283 1721 schon

304 1718 341 1778 an
366 1716 418 1776 ihn
447 1709 624 1769 ergangene
648 1706 787 1766 Königl.
802 1703 997 1763 Warnung,
1012 1703 1141 1763 friedlich
1170 1700 1299 1760 auffüh¬

305 1760 355 1820 ren
389 1756 444 1816 und
473 1754 495 1814 so
519 1751 607 1811 wohl
631 1750 692 1810 mit
720 1748 813 1808 denen
846 1748 1004 1808 Ständen
1038 1748 1088 1808 der
1122 1745 1298 1805 Republik,

318 1809 362 1869 als
390 1805 461 1865 auch
495 1802 555 1862 mit
578 1799 804 1859 denenjenigen
837 1798 886 1858 die
915 1796 964 1856 der
998 1796 1157 1856 Republik
1185 1796 1290 1856 Wohl

315 1855 447 1915 wollen,
476 1851 542 1911 eins
576 1849 675 1909 halten
709 1849 820 1909 möge.
887 1846 964 1906 Von
998 1848 1053 1908 der
1082 1846 1286 1906 Ungarischen

318 1904 448 1964 Gränze
471 1902 527 1962 hat
544 1900 634 1960 man,
652 1899 702 1959 daß
731 1899 804 1959 Se.
833 1897 906 1957 Erl.
940 1895 990 1955 der
1019 1897 1103 1957 Herr
1132 1897 1284 1957 Castellan

317 1954 371 2014 von
402 1954 542 2014 Cracau,
564 1949 653 2009 nebst
679 1947 749 2007 dero
780 1946 961 2006 Gemalin,
992 1947 1041 2007 dem
1088 1945 1213 2005 Fürsten
1244 1943 1298 2003 Lu¬

309 2004 495 2064 bomirski,
542 1994 748 2054 Woywoden
780 1996 836 2056 von
868 1996 1012 2056 Lublin,
1049 1993 1105 2053 dem
1153 1990 1281 2050 Grafen

321 2049 489 2109 Mniszki,
511 2040 838 2100 Kronhofmarschall
860 2042 917 2102 und
944 2040 1298 2100 Kronküchenmeister,

314 2100 446 2160 vorjetzo
473 2097 520 2157 sich
542 2095 573 2155 zu
600 2091 736 2151 Lubonia
764 2091 789 2151 in
822 2091 874 2151 der
901 2088 1011 2148 Zipser
1038 2088 1212 2148 Starostey
1250 2086 1297 2146 be¬

320 2148 444 2208 finden,
466 2142 612 2202 woselbst
635 2139 748 2199 neulich
776 2139 824 2199 der
852 2136 950 2196 Fürst
977 2136 1113 2196 Bischof
1140 2136 1194 2196 von
1222 2136 1302 2196 Cra¬

314 2195 370 2255 cau
401 2190 622 2250 eingetroffen.
674 2184 792 2244 Dieser
814 2184 916 2244 Tagen
943 2186 1009 2246 traf
1025 2185 1076 2245 der
1097 2184 1179 2244 Herr
1200 2184 1297 2244 Woy¬

318 2237 383 2297 wod
414 2237 468 2297 von
504 2234 641 2294 Rawa,
662 2229 757 2289 Graf
778 2229 990 2289 Gonnowski
1010 2233 1081 2293 hier
1102 2231 1142 2291 ein
1213 2230 1293 2290 Das

318 2283 431 2343 hiesige
464 2279 588 2339 Schloß
622 2276 702 2336 wird
730 2276 832 2336 fleißig
865 2279 1060 2339 restituiret,
1093 2276 1184 2336 indem
1239 2279 1298 2339 alle

321 2330 413 2390 Tage
439 2326 491 2386 bey
517 2323 579 2383 100
611 2321 718 2381 Mann
745 2322 837 2382 daran
864 2326 1024 2386 arbeiten.
1076 2325 1148 2385 Von
1175 2325 1226 2385 den
1247 2327 1298 2387 auf

324 2379 372 2439 dem
415 2374 512 2434 letzten
540 2369 939 2429 Conventionsreichstage
972 2372 1166 2432 beschloßnen
1199 2372 1301 2432 Gese¬

326 2430 379 2490 tzen
404 2424 463 2484 sind
488 2418 572 2478 schon
596 2414 656 2474 200
687 2414 788 2474 Stück
819 2421 933 2481 fertig,
952 2423 987 2483 um
1036 2423 1089 2483 auf
1120 2420 1168 2480 die
1192 2423 1300 2483 bevor=

325 2477 463 2537 stehende
505 2458 841 2518 Relationslandtäge
883 2470 1062 2530 verschicket
1104 2467 1225 2527 werden
1266 2470 1295 2530 zu

326 2525 467 2585 können.
533 2512 693 2572 Nachdem
729 2507 781 2567 dem
824 2513 930 2573 Herrn
966 2515 1232 2575 Mokronososki
1257 2517 1303 2577 die

328 2569 593 2629 Administration
628 2559 679 2619 des
715 2556 917 2616 Postwesens
952 2563 980 2623 in
1016 2566 1119 2626 Polen
1166 2566 1223 2626 und
1258 2565 1304 2625 Li¬

322 2620 435 2680 thauen
473 2613 727 2673 abgenommen,
761 2602 820 2662 und
853 2607 945 2667 solche
972 2614 1031 2674 von
1065 2611 1135 2671 Sr.
1162 2614 1308 2674 Durchl.

327 2667 376 2727 dem
427 2664 559 2724 Fürsten
588 2656 732 2716 Primas
765 2649 814 2709 dem
859 2652 965 2712 Herrn
993 2660 1142 2720 Obristen
1176 2661 1303 2721 Karus,

323 2712 492 2772 Schenken
532 2709 589 2769 von
618 2706 697 2766 Lwin
731 2697 919 2757 übertragen
942 2707 1089 2767 worden,
1118 2709 1140 2769 so
1169 2709 1220 2769 hat
1243 2708 1310 2768 letz=

322 2765 410 2825 terer
440 2761 520 2821 nicht
543 2757 602 2817 nur
633 2757 683 2817 die
706 2751 846 2811 hiesigen
884 2757 1135 2817 Postofficianten
1173 2757 1201 2817 in
1239 2757 1297 2817 Eid

1306 327 1364 387 und
1387 327 1510 387 Pflicht
1527 330 1737 390 genommen,
1759 330 1883 390 sondern
1916 326 1980 386 auch
2008 327 2040 387 an
2062 327 2115 387 alle
2132 327 2283 387 polnische

1308 374 1369 434 und
1390 374 1576 434 lithauische
1602 379 1792 439 Postämter
1824 377 1905 437 seine
1937 372 2153 432 Universalien
2195 374 2292 434 abge¬

1302 422 1420 482 schickt.
1470 422 1513 482 Am
1552 425 1725 485 Dienstage
1753 425 1899 485 erhielten
1927 422 1970 482 die
1992 422 2122 482 hiesigen
2150 422 2285 482 Rußisch

1300 470 1446 530 Kaiserl.
1467 471 1649 531 Gesandten
1675 473 1735 533 mit
1756 473 1842 533 einem
1888 471 2025 531 Courier
2056 467 2106 527 die
2131 470 2293 530 Ratifica¬

1302 518 1362 578 tion
1403 518 1453 578 der
1484 519 1630 579 Kaiserl.
1651 521 1884 581 Reversalien,
1905 521 2011 581 weges
2042 518 2097 578 des
2123 518 2188 578 dero
2214 518 2294 578 Mo¬

1305 566 1430 626 narchin
1476 569 1708 629 zugestandnen
1749 569 1859 629 Titels
1896 569 1981 629 einer
2027 567 2173 627 Kaiserin
2214 565 2289 625 aller

1312 613 1465 673 Reussen,
1498 616 1556 676 und
1588 614 1630 674 als
1658 613 1694 673 sie
1716 616 1806 676 solche
1834 615 1966 675 Gestern
1993 616 2067 676 Sr.
2084 613 2232 673 Durchl.
2243 612 2285 672 den

1307 661 1437 721 Fürsten
1463 664 1629 724 Primatis
1655 664 1852 724 übergeben,
1878 664 2003 724 wurden
2039 664 2185 724 dieselben
2231 660 2286 720 von

1312 705 1384 765 Sr.
1400 709 1545 769 Durchl.
1566 709 1596 769 zu
1628 712 1752 772 Mittag
1784 712 1949 772 behalten,
1981 709 2052 769 diese
2084 709 2286 769 Reversalien

1309 758 1367 818 sind
1394 757 1420 817 in
1447 757 1605 817 rußischer
1632 760 1689 820 und
1711 760 1906 820 lateinischer
1928 760 2076 820 Sprache
2108 760 2293 820 abgefasset.

1563 806 1736 866 Wilda,
1770 810 1831 870 den
1865 807 1910 867 8.
1944 807 2038 867 Jun.

1352 849 1426 909 Die
1453 855 1719 915 Kapturgerichte
1752 855 1879 915 unserer
1906 855 2172 915 Woywodschaft
2199 852 2294 912 haben

1312 899 1380 959 noch
1407 900 1518 960 immer
1545 900 1635 960 ihren
1667 903 1873 963 erwünschten
1911 903 2095 963 Fortgang.
2144 902 2212 962 Die
2239 898 2302 958 Ar¬

1312 945 1422 1005 tillerie
1448 945 1518 1005 muß
1554 947 1609 1007 auf
1630 945 1756 1005 Befehl
1782 947 1832 1007 des
1863 951 2120 1011 Großfeldherrn
2157 948 2211 1008 von
2247 948 2307 1008 Lit¬

1315 992 1420 1052 thauen
1459 991 1511 1051 das
1541 992 1636 1052 Lager
1665 990 1718 1050 bey
1742 990 1881 1050 Grodno
1911 995 2088 1055 beziehen,
2122 995 2179 1055 und
2213 995 2294 1055 zwar

1317 1037 1366 1097 zur
1391 1037 1578 1097 Bedeckung
1603 1037 1691 1097 derer
1712 1037 1736 1097 in
1766 1037 1859 1097 diesem
1899 1037 1997 1097 Lager
2022 1040 2066 1100 sich
2096 1041 2293 1101 befindlichen

1322 1082 1499 1142 Truppen;
1524 1082 1573 1142 die
1604 1082 1657 1142 von
1697 1084 1746 1144 der
1776 1082 2166 1142 Generalconföderation
2201 1086 2294 1146 haben

1326 1127 1370 1187 sich
1391 1127 1446 1187 von
1482 1127 1587 1187 Slonim
1633 1130 1789 1190 ebenfalls
1820 1131 1885 1191 nach
1921 1130 2061 1190 Grodno
2092 1133 2308 1193 hinbegeben,

1318 1175 1370 1235 von
1403 1178 1429 1238 da
1461 1178 1530 1238 man
1557 1178 1626 1238 auch
1653 1181 1695 1241 die
1722 1181 1844 1241 gewisse
1866 1181 2040 1241 Nachricht
2062 1181 2221 1241 erhalten,
2243 1184 2295 1244 daß

1324 1223 1370 1283 bey
1407 1225 1453 1285 der
1485 1225 1583 1285 letzten
1610 1228 1750 1288 Attaque
1776 1228 1827 1288 des
1859 1231 1989 1291 Fürsten
2015 1228 2213 1288 Woywoden
2244 1228 2301 1288 von

1322 1276 1449 1336 Wilda,
1467 1274 1511 1334 80
1540 1276 1646 1336 Todte
1669 1279 1724 1339 auf
1753 1279 1803 1339 dem
1848 1278 1965 1338 Platze
1988 1281 2172 1341 gefunden,
2202 1279 2313 1339 hinge¬

1319 1328 1373 1388 gen
1406 1327 1503 1387 zehlet
1525 1327 1595 1387 man
1623 1327 1774 1387 rußischer
1802 1327 1899 1387 Seits
1927 1329 1980 1389 nur
2008 1328 2045 1388 15
2079 1330 2197 1390 Todte.
2231 1330 2301 1390 Die

1324 1378 1426 1438 beiden
1459 1378 1555 1438 Ruß.
1583 1376 1728 1436 Kaiserl.
1750 1376 1853 1436 Herrn
1886 1375 2053 1435 Generals
2091 1375 2296 1435 Dolgorucky

1318 1422 1376 1482 und
1403 1423 1578 1483 Rinthoff,
1600 1425 1759 1485 verfolgen
1792 1422 1861 1482 noch
1888 1425 2058 1485 immerhin
2085 1425 2132 1485 die
2149 1425 2297 1485 Truppen

1323 1470 1374 1530 des
1408 1473 1538 1533 Fürsten
1561 1473 1747 1533 Radziwil.
1821 1472 1894 1532 Der
1923 1471 2013 1531 Fürst
2042 1473 2166 1533 Repnin
2201 1476 2240 1536 ist
2257 1471 2307 1531 ge¬

1325 1521 1398 1581 stern
1427 1521 1478 1581 von
1507 1521 1574 1581 hier
1597 1521 1671 1581 nach
1694 1521 1864 1581 Warschau
1899 1523 2085 1583 abgereiset.

1629 1652 2009 1712 AVERTISSEMENT.

1377 1715 1448 1775 Bey
1482 1717 1532 1777 dem
1577 1715 1737 1775 Verleger
1765 1718 1858 1778 dieser
1892 1718 2025 1778 Zeitung
2059 1721 2091 1781 ist
2120 1723 2147 1783 zu
2186 1724 2313 1784 haben:

1330 1767 1657 1827 Denkwürdigkeiten
1686 1769 1860 1829 Friedrichs
1889 1768 1939 1828 des
1962 1772 2120 1832 Großen,
2137 1775 2227 1835 13ter
2245 1775 2312 1835 Th.

1333 1819 1343 1879 2
1372 1819 1410 1879 fl.
1427 1819 1437 1879 9
1466 1820 1515 1880 gr.
1561 1819 1709 1879 Historie
1738 1820 1787 1880 des
1816 1819 2004 1879 Himmels,
2032 1822 2120 1882 darin
2160 1824 2209 1884 vom
2259 1825 2320 1885 Ur¬

1331 1870 1463 1930 sprunge
1490 1870 1537 1930 der
1559 1870 1776 1930 Abgötterey,
1792 1870 1850 1930 und
1878 1869 1930 1929 von
1962 1870 2010 1930 der
2031 1870 2232 1930 Entstehung
2259 1873 2312 1933 des

1332 1918 1581 1978 Weltgebäudes
1625 1918 1687 1978 und
1731 1917 1783 1977 der
1828 1915 1942 1975 ganzen
1990 1915 2105 1975 Natur
2144 1918 2317 1978 gehandelt

1330 1966 1425 2026 wird,
1449 1966 1466 2026 2
1495 1966 1625 2026 Theile,
1648 1966 1659 2026 5
1688 1966 1727 2026 fl.
1774 1966 1961 2026 Thomsons
1995 1962 2114 2022 Herbst
2143 1963 2200 2023 und
2229 1965 2319 2025 Win=

1324 2014 1398 2074 ter,
1430 2014 1488 2074 aus
1521 2013 1568 2073 dem
1611 2014 1711 2074 Engl.
1744 2014 1754 2074 1
1781 2014 1818 2074 fl.
1839 2014 1849 2074 3
1877 2014 1929 2074 gr.
1978 2014 2110 2074 Jacobi
2137 2011 2317 2071 vermischte

1333 2058 1612 2118 Abhandlungen,
1628 2061 1689 2121 1ste
1716 2061 1772 2121 und
1799 2061 1850 2121 2te
1866 2061 2093 2121 Sammlung,
2120 2061 2130 2121 2
2156 2061 2197 2121 fl.
2244 2061 2316 2121 Der

1329 2108 1467 2168 deutsche
1489 2106 1719 2166 Kundschafter
1746 2106 1772 2166 in
1799 2106 1954 2166 Briefen,
1982 2109 1992 2169 2
2019 2109 2056 2169 fl.
2095 2109 2169 2169 Der
2185 2109 2323 2169 Müßig=

1333 2155 1470 2215 gänger,
1487 2151 1550 2211 eine
1572 2153 1821 2213 Sittenschrift,
1838 2154 1885 2214 der
1907 2155 2082 2215 Vernunft
2098 2157 2156 2217 und
2184 2157 2315 2217 Tugend

1332 2199 1515 2259 gewidnet,
1544 2198 1555 2258 2
1584 2197 1727 2257 Theile,
1750 2199 1761 2259 2
1790 2199 1824 2259 fl.
1848 2199 1887 2259 15
1911 2199 1962 2259 gr.

2028 2205 2236 2265 Sammlung
2265 2205 2318 2265 der

1331 2249 1426 2309 besten
1462 2247 1517 2307 und
1553 2243 1694 2303 neuesten
1730 2246 2119 2306 Reisebeschreibungen,
2155 2248 2215 2308 aus
2246 2249 2296 2309 dem

1335 2300 1439 2360 Engl.
1457 2296 1522 2356 2ter
1546 2291 1656 2351 Theil,
1678 2292 1694 2352 4
1723 2296 1756 2356 fl.
1806 2294 1877 2354 Der
1900 2294 2038 2354 tugend=
2056 2294 2110 2354 und
2139 2296 2321 2356 lasterhafte

1340 2345 1509 2405 Student,
1536 2341 1679 2401 Predigt
1696 2343 1753 2403 und
1781 2345 1924 2405 Moral,
1940 2345 2115 2405 entworfen
2142 2345 2200 2405 mit
2222 2348 2311 2408 vielen

1335 2393 1506 2453 Kupfern,
1529 2393 1564 2453 8,
1593 2393 1607 2453 1
1629 2393 1665 2453 fl.
1680 2396 1715 2456 15
1744 2396 1793 2456 gr.

1387 2512 1488 2572 Diese
1506 2506 1676 2566 Zeitungen
1699 2512 1812 2572 werden
1841 2514 1999 2574 Montags
2023 2515 2078 2575 und
2096 2515 2249 2575 Freytags
2272 2515 2300 2575 um

1340 2563 1371 2623 10
1399 2563 1462 2623 Uhr
1484 2557 1685 2617 Vormittags
1707 2560 1733 2620 im
1776 2560 1977 2620 Kanterschen
2005 2563 2185 2623 Buchladen
2217 2563 2328 2623 ausge=

1340 2614 1451 2674 geben,
1462 2607 1546 2667 allwo
1568 2605 1637 2665 auch
1659 2607 1722 2667 noch
1738 2609 1790 2669 von
1812 2611 1860 2671 den
1887 2611 2014 2671 hiesigen
2035 2611 2115 2671 resp.
2126 2611 2316 2671 Liebhabern

1341 2658 1390 2718 die
1411 2652 1689 2712 Prånumeration
1720 2658 1776 2718 auf
1801 2658 1866 2718 dies
1892 2658 1988 2718 dritte
2009 2659 2155 2719 Quartal
2176 2658 2236 2718 mit
2257 2656 2267 2716 2
2292 2655 2327 2715 fl.

1342 2704 1574 2764 angenommen
1617 2703 1719 2763 wird;
1756 2704 1968 2764 Auswärtige
2000 2706 2072 2766 aber
2099 2705 2233 2765 belieben
2270 2700 2321 2760 sich

1345 2757 1475 2817 deshalb
1496 2748 1548 2808 bey
1568 2750 1646 2810 jedem
1686 2754 1836 2814 Postamt
1850 2757 1935 2817 ihres
1962 2757 2040 2817 Orts
2074 2757 2106 2817 zu
2140 2751 2276 2811 melden.
