2479 3508
231 383 302 443 Wir
329 384 492 444 wünschen
519 378 578 438 aus
598 377 787 437 christlicher
814 374 984 434 herzlicher
1004 372 1108 432 Liebe,
1122 372 1180 432 daß

183 437 233 497 sich
262 436 459 496 Lohrchen
499 428 549 488 bey
584 425 905 485 immerwährenden
939 422 1176 482 Wohlergehen

184 488 322 548 befinden
361 479 477 539 möge;
506 476 594 536 allein
633 476 666 536 da
700 473 760 533 wir
794 473 849 533 von
883 472 938 532 ihr
966 470 1049 530 keine
1077 470 1193 530 Schil¬

182 536 303 596 derung
331 529 546 589 befürchten,
569 525 596 585 so
624 524 789 584 wünschen
823 522 883 582 wir
911 521 1093 581 vielmehr,
1121 518 1176 578 daß

179 586 229 646 der
264 579 354 639 Witz
371 578 427 638 des
456 575 563 635 Herrn
604 572 773 632 Arists,
808 574 858 634 der
893 572 937 632 sich
978 569 1113 629 zeithero
1148 569 1175 629 in

181 631 340 691 schlechten
371 625 561 685 Umständen
586 625 770 685 befunden,
795 625 868 685 bald
894 625 1089 685 hergestellet
1109 619 1188 679 wer=

1224 370 1277 430 den
1302 369 1410 429 möge.
1453 368 1501 428 Um
1545 369 1592 429 ihm
1635 369 1683 429 bey
1720 372 1816 432 dieser
1847 372 2071 432 Gelegenheit
2096 374 2137 434 ein
2168 377 2240 437 Re¬

1224 420 1293 480 cept
1314 419 1344 479 zu
1374 416 1616 476 verschreiben,
1641 421 1711 481 mag
1748 421 1777 481 er
1813 422 1923 482 denken
1959 422 2094 482 lernen,
2120 423 2175 483 ehe
2206 425 2235 485 er

1225 474 1251 534 zu
1289 469 1443 529 schreiben
1480 467 1639 527 anfängt.
1714 469 1830 529 Kostet
1863 470 1889 530 in
1937 470 1990 530 der
2017 473 2229 533 Kanterschen

1227 518 1492 578 Buchhandlung
1521 518 1651 578 allhier,
1668 518 1730 578 wie
1759 521 1832 581 auch
1861 521 1889 581 in
1918 519 2036 579 Elbing
2071 524 2127 584 und
2161 524 2240 584 Mi¬

1224 570 1269 630 tau
1316 570 1326 630 1
1362 571 1401 631 fl.
1436 571 1470 631 24
1511 568 1562 628 gr.

447 786 641 846 Berlin,
676 784 731 844 den
765 784 831 844 16.
854 785 937 845 Oct.

227 840 362 900 Freytag
398 834 451 894 des
487 834 616 894 Abends
652 834 687 894 um
735 831 752 891 8
788 831 858 891 Uhr
888 834 970 894 starb
1000 831 1100 891 alhier
1130 833 1176 893 die

179 889 383 949 hinterlaßne
406 882 548 942 Wittwe
566 882 639 942 Sr.
662 882 741 942 Exc.
759 882 809 942 des
839 883 1043 943 wohlseligen
1072 882 1185 942 Gene¬

173 938 423 998 rallieutenants
453 933 556 993 Herrn
593 930 685 990 Adam
732 928 894 988 Friedrich
936 933 994 993 von
1035 933 1185 993 Wreech,

179 991 285 1051 Louise
309 987 473 1047 Eleonore
492 982 633 1042 geborne
658 981 710 1041 von
740 982 934 1042 Schöning.

403 1061 652 1121 Hamburg,
697 1058 752 1118 den
791 1058 851 1118 12.
874 1058 957 1118 Oct.

220 1115 288 1175 Der
312 1112 425 1172 zweite
449 1112 580 1172 Versuch
609 1109 637 1169 so
661 1107 758 1167 dieses
793 1108 884 1168 Jahr
902 1109 958 1169 mit
976 1107 1078 1167 Leinen
1102 1108 1176 1168 nach

176 1166 226 1226 den
261 1167 464 1227 Canarischen
493 1160 611 1220 Inseln
640 1157 788 1217 gemacht
823 1157 975 1217 worden,
998 1157 1037 1217 ist
1061 1157 1179 1217 wieder

177 1214 366 1274 unglücklich
402 1207 615 1267 abgelaufen.
663 1201 816 1261 Schiffer
846 1204 941 1264 John
977 1204 1106 1264 White,
1131 1204 1177 1264 der

178 1261 271 1321 dahin
305 1255 465 1315 bestimmt
488 1252 571 1312 war,
588 1251 621 1311 ist
643 1247 698 1307 auf
721 1249 770 1309 der
799 1252 875 1312 Elbe
904 1252 1086 1312 geblieben.
1103 1252 1174 1312 Der

172 1308 230 1368 vor
252 1303 372 1363 einigen
405 1300 510 1360 Tagen
542 1299 605 1359 hier
632 1299 859 1359 eingetroffene
886 1300 1022 1360 Rußisch
1050 1299 1181 1359 Kaiser¬

177 1355 249 1415 liche
275 1349 519 1409 Großkanzler,
535 1345 627 1405 Graf
648 1345 705 1405 von
732 1345 954 1405 Woronzow,
980 1347 1058 1407 wird
1084 1345 1177 1405 heute

176 1404 230 1464 von
258 1402 306 1462 dem
351 1396 481 1456 hiesigen
514 1393 699 1453 Magistrat
721 1395 775 1455 auf
809 1393 857 1453 dem
907 1393 1070 1453 Gasthofe
1098 1393 1184 1453 Kai¬

179 1452 305 1512 sershof
323 1446 483 1506 genannt,
506 1443 571 1503 sehr
594 1440 732 1500 prächtig
755 1443 937 1503 bewirthet,
954 1440 1014 1500 und
1037 1440 1092 1500 soll
1109 1440 1153 1500 dem

174 1497 380 1557 Vernehmen
411 1494 483 1554 nach
510 1491 561 1551 den
592 1491 679 1551 15ten
711 1489 803 1549 dieses
829 1491 876 1551 die
897 1488 994 1548 Reise
1011 1488 1077 1548 nach
1098 1488 1175 1548 Kiel

176 1550 234 1610 und
264 1548 372 1608 weiter
397 1544 466 1604 nach
491 1540 687 1600 Schleswig
712 1539 879 1599 antreten,
900 1538 953 1598 von
983 1538 1116 1598 wannen
1146 1536 1170 1596 er

173 1599 252 1659 über
295 1594 411 1654 Berlin
459 1593 533 1653 nach
571 1587 776 1647 Petersburg
819 1587 1031 1647 zurückgehen
1074 1587 1179 1647 wird.

175 1646 290 1706 Diesem
335 1643 495 1703 Minister
518 1643 556 1703 ist
585 1640 662 1700 viele
690 1640 984 1700 außerordentliche
1018 1634 1105 1694 Ehre
1134 1637 1177 1697 er¬

178 1698 290 1758 wiesen
318 1697 469 1757 worden.

244 1778 315 1838 Aus
345 1775 392 1835 dem
434 1775 641 1835 Schwedisch
673 1775 850 1835 Pommern
880 1772 933 1832 vom
975 1771 1010 1831 6.
1029 1769 1105 1829 Oct.

225 1835 309 1895 Man
342 1834 379 1894 ist
403 1831 454 1891 von
487 1834 585 1894 neuem
628 1831 744 1891 darauf
768 1830 913 1890 bedacht,
941 1828 969 1888 in
1002 1831 1053 1891 den
1091 1828 1184 1888 See¬

169 1882 286 1942 städten
319 1877 382 1937 eine
405 1876 619 1936 Wollwracke
642 1870 837 1930 anzulegen,
860 1870 896 1930 um
942 1867 1033 1927 unsre
1070 1868 1178 1928 Wolle

168 1929 218 1989 bey
254 1924 304 1984 den
335 1919 558 1979 Holländern,
579 1915 634 1975 von
660 1914 792 1974 welchen
823 1912 858 1972 sie
879 1912 944 1972 jetzo
965 1912 1031 1972 sehr
1047 1910 1178 1970 geringe

173 1977 311 2037 geachtet
329 1971 427 2031 wird,
451 1968 479 2028 in
503 1963 612 2023 bessern
653 1963 768 2023 Credit
793 1960 821 2020 zu
856 1960 1012 2020 bringen.
1065 1954 1110 2014 Es
1140 1960 1174 2020 ist

175 2030 203 2090 zu
232 2021 418 2081 wünschen,
436 2017 486 2077 daß
515 2014 565 2074 die
583 2011 759 2071 Landleute
788 2011 838 2071 sich
861 2012 934 2072 auch
969 2011 1036 2071 eine
1060 2008 1172 2068 bessere

174 2079 235 2139 Art
253 2074 303 2134 von
338 2068 479 2128 Schafen
508 2062 678 2122 anschaffen
707 2060 871 2120 möchten.

402 2136 685 2196 Mainstrom,
708 2136 762 2196 vom
802 2136 840 2196 6.
857 2139 934 2199 Oct.

226 2207 279 2267 So
303 2205 367 2265 viel
386 2202 456 2262 man
486 2199 538 2259 aus
563 2199 746 2259 Englischen
782 2202 917 2262 Briefen
947 2202 1094 2262 ersiehet,
1106 2199 1176 2259 ma¬

175 2261 240 2321 chen
271 2258 318 2318 die
337 2249 674 2309 Zuckerpflanzereyen
705 2246 771 2306 jetzo
796 2249 819 2309 in
851 2252 994 2312 Amerika
1013 2252 1061 2312 die
1073 2249 1175 2309 gröste

172 2306 368 2366 Eifersucht.
415 2297 490 2357 Die
514 2295 710 2355 Franzosen,
728 2297 837 2357 welche
861 2302 948 2362 nicht
966 2300 1058 2360 gerne
1082 2300 1168 2360 unter

170 2362 220 2422 den
249 2355 459 2415 Engländern
488 2346 590 2406 stehen
625 2345 760 2405 wollen,
784 2350 954 2410 verkaufen
989 2351 1017 2411 in
1051 2351 1102 2411 den
1131 2348 1181 2408 er¬

169 2408 288 2468 oberten
321 2406 459 2466 Ländern
486 2399 536 2459 die
556 2393 707 2453 ihrigen,
733 2395 796 2455 und
822 2401 872 2461 die
892 2399 1005 2459 grossen
1044 2397 1157 2457 Zücker

175 2458 308 2518 pflanzer
336 2455 362 2515 zu
396 2449 576 2509 Jamaika,
590 2441 717 2501 welches
745 2444 811 2504 sehr
839 2449 939 2509 reiche
973 2446 1066 2506 Leute
1094 2446 1153 2506 sind

167 2506 274 2566 kaufen
303 2503 416 2563 selbige
434 2497 564 2557 häufig,
588 2492 718 2552 welches
747 2497 838 2557 unter
861 2498 911 2558 den
941 2495 1173 2555 Engländern,

167 2557 217 2617 die
235 2554 331 2614 solche
354 2551 445 2611 gerne
468 2543 593 2603 hätten,
616 2542 655 2602 ein
685 2545 798 2605 grosses
833 2548 969 2608 Murren
1009 2545 1066 2605 und
1101 2544 1179 2604 Wi¬

170 2604 329 2664 derwillen
360 2595 572 2655 verursachet.
620 2591 703 2651 Das
733 2599 857 2659 Klagen
899 2597 951 2657 der
976 2596 1170 2656 Engländer

175 2653 244 2713 über
273 2648 321 2708 die
342 2646 550 2706 Aufführung
579 2638 627 2698 der
656 2643 829 2703 Franzosen
864 2646 884 2706 in
913 2643 1086 2703 Amerika,
1108 2642 1163 2702 und

169 2704 246 2764 diese
275 2697 351 2757 über
381 2693 452 2753 jene
480 2691 597 2751 dauret
631 2688 697 2748 noch
731 2694 853 2754 immer
881 2695 964 2755 fort,
987 2694 1048 2754 und
1076 2691 1170 2751 beyde

173 2755 260 2815 Höfe
286 2747 385 2807 haben
424 2742 486 2802 fast
511 2738 611 2798 nichts
643 2737 780 2797 anders,
806 2743 855 2803 als
887 2746 987 2806 damit
1012 2745 1043 2805 zu
1069 2742 1168 2802 thun.

170 2800 371 2860 Unterdessen
397 2791 494 2851 siehet
521 2790 579 2850 auf
606 2787 690 2847 einer
717 2786 813 2846 Seite
840 2793 911 2853 alles
938 2796 1074 2856 friedlich
1094 2793 1172 2853 aus,

172 2857 228 2917 auf
248 2852 299 2912 der
319 2846 439 2906 andern
466 2841 535 2901 aber
555 2838 690 2898 scheinet
710 2838 773 2898 es,
799 2841 856 2901 daß
882 2846 913 2906 es
933 2847 965 2907 zu
997 2847 1163 2907 Spithead

170 2906 237 2966 sehr
258 2904 325 2964 bald
346 2897 386 2957 ein
407 2890 624 2950 kriegerisches
645 2888 787 2948 Ansehen
815 2894 909 2954 haben
930 2899 1052 2959 werde.
1073 2900 1173 2960 Kurz,

169 2960 200 3020 an
233 2960 283 3020 den
310 2953 432 3013 Flotten
458 2945 534 3005 wird
561 2942 708 3002 gewaltig
734 2942 920 3002 gearbeitet.

1507 778 1662 838 Cleve,
1692 781 1743 841 den
1773 782 1830 842 27.
1854 778 1964 838 Sept.

1280 827 1362 887 Man
1396 825 1451 885 hat
1473 828 1529 888 fast
1551 828 1578 888 in
1607 830 1678 890 allen
1712 829 1883 889 Zeitungen
1911 825 2082 885 gemeldet,
2111 827 2160 887 daß
2188 825 2226 885 die

1231 879 1404 939 sämtlichen
1437 876 1713 936 Vestungswerke
1742 877 1790 937 der
1812 876 1926 936 Stadt
1943 873 2056 933 Wesel
2073 873 2235 933 geschleift

1226 927 1347 987 werden
1379 927 1495 987 sollen;
1517 927 1606 987 allein
1638 927 1717 987 diese
1740 927 1913 987 Nachricht
1935 921 1972 981 ist
1988 924 2231 984 ungegründet,

1224 979 1250 1039 da
1278 978 1336 1038 nur
1363 978 1406 1038 die
1428 978 1594 1038 äussersten
1637 978 1700 1038 und
1734 977 1948 1037 entlegensten
1991 969 2109 1029 Werke
2136 972 2237 1032 abge¬

1221 1029 1323 1089 tragen
1355 1028 1500 1088 werden,
1517 1028 1578 1088 und
1599 1028 1645 1088 die
1672 1028 1848 1088 Citadelle,
1875 1023 1921 1083 die
1948 1019 2227 1079 Vestungswerke

1226 1079 1273 1139 der
1300 1077 1432 1137 Stadt,
1454 1079 1501 1139 die
1522 1079 1628 1139 halben
1660 1079 1829 1139 Monden,
1851 1078 1898 1138 die
1925 1076 1956 1136 an
1989 1075 2036 1135 dem
2084 1073 2221 1133 Graben

1219 1129 1271 1189 vor
1304 1127 1356 1187 den
1394 1130 1553 1190 Cortinen
1590 1129 1643 1189 der
1675 1127 1818 1187 Vestung
1850 1124 1977 1184 liegen,
2005 1124 2052 1184 die
2084 1123 2216 1183 Graben

1226 1178 1328 1238 selbst,
1349 1177 1400 1237 die
1421 1178 1694 1238 Contrescarpen,
1715 1174 1761 1234 der
1787 1175 1926 1235 bedeckte
1952 1175 2034 1235 Weg
2071 1172 2132 1232 und
2163 1171 2219 1231 das

1225 1228 1340 1288 Glacis
1366 1227 1390 1287 in
1416 1225 1551 1285 völligem
1593 1222 1728 1282 Stande
1749 1219 1894 1279 bleiben.

1407 1270 1687 1330 Versailles,
1718 1270 1773 1330 den
1819 1267 1878 1327 30.
1914 1267 2029 1327 Sept.

1270 1318 1402 1378 Gestern
1429 1317 1513 1377 hatte
1534 1315 1587 1375 der
1608 1315 1692 1375 Herr
1719 1318 1809 1378 Flery
1836 1315 1957 1375 altester
1973 1313 2142 1373 Professor
2163 1309 2216 1369 der

1220 1366 1442 1426 Mathematik
1463 1366 1509 1426 die
1531 1366 1618 1426 Ehre
1639 1366 1685 1426 dem
1728 1363 1857 1423 Könige
1884 1363 1924 1423 ein
1956 1362 2049 1422 Werk
2075 1363 2132 1423 von
2163 1363 2214 1423 den

1221 1413 1353 1473 Mitteln
1386 1413 1441 1473 zur
1470 1413 1707 1473 Verbesserung
1742 1415 1791 1475 der
1819 1410 2040 1470 Kinderzucht
2068 1410 2095 1470 zu
2129 1410 2228 1470 über¬

1212 1461 1359 1521 reichen.

1444 1512 1648 1572 London,
1676 1511 1737 1571 vom
1787 1512 1831 1572 2.
1865 1509 1986 1569 Octob.

1267 1557 1336 1617 Die
1364 1560 1488 1620 letztere
1516 1560 1744 1620 Zuckererndte
1777 1561 1803 1621 zu
1831 1562 1988 1622 Jamaica
2021 1557 2075 1617 hat
2103 1559 2216 1619 50000

1218 1608 1377 1668 Oxhöfden
1411 1610 1549 1670 Zucker,
1578 1610 1632 1670 und
1660 1610 1771 1670 15000
1799 1610 1998 1670 Puncheons
2032 1609 2109 1669 Rum
2159 1608 2225 1668 ein=

1214 1659 1388 1719 gebracht,
1412 1658 1513 1718 davon
1542 1659 1626 1719 jedes
1650 1661 1689 1721 84
1729 1661 1870 1721 Gallons
1899 1658 1921 1718 in
1950 1659 2000 1719 sich
2024 1661 2113 1721 hält.
2148 1655 2221 1715 Die

1219 1711 1291 1771 nach
1319 1711 1457 1771 Lissabon
1486 1715 1668 1775 handlende
1697 1713 1869 1773 Kaufleute
1897 1709 1997 1769 haben
2031 1709 2097 1769 mit
2120 1706 2208 1766 einem

1218 1766 1357 1826 gewissen
1387 1766 1497 1826 Mann
1527 1766 1549 1826 in
1579 1766 1747 1826 Ansehung
1777 1766 1829 1826 der
1847 1766 1986 1826 Rettung
2016 1763 2067 1823 des
2091 1763 2149 1823 vor
2173 1763 2230 1823 un=

1218 1817 1333 1877 gefähr
1362 1817 1553 1877 anderthalb
1588 1819 1715 1879 Jahren
1751 1817 1837 1877 durch
1872 1817 1923 1877 die
1947 1817 2219 1877 Verunglückung

1223 1857 1306 1917 eines
1326 1859 1538 1919 Packetbotes
1563 1860 1622 1920 auf
1642 1860 1691 1920 der
1726 1861 1823 1921 Höhe
1854 1861 1907 1921 von
1947 1861 2124 1921 Falmouth
2159 1862 2227 1922 ver¬

1216 1900 1348 1960 lohrnen
1378 1900 1530 1960 Schatzes
1560 1900 1672 1960 neulich
1702 1903 1786 1963 einen
1816 1903 1933 1963 Accord
1958 1906 2115 1966 gemacht.
2174 1903 2222 1963 Er

1217 1948 1292 2008 soll,
1318 1948 1413 2008 außer
1439 1948 1489 2008 den
1525 1948 1706 2008 Unkosten,
1733 1948 1793 2008 von
1819 1951 1939 2011 allem,
1965 1951 2035 2011 was
2056 1954 2212 2014 gefunden

1217 1993 1382 2053 worden,
1426 1995 1441 2055 5
1474 1996 1532 2056 pr.
1560 1996 1645 2056 Cent
1672 1997 1800 2057 haben.

1864 1996 1940 2056 Eine
1973 1997 2065 2057 Kiste
2093 2002 2223 2062 enthält

1217 2042 1329 2102 25000
1363 2043 1546 2103 Moidors,
1573 2043 1659 2103 einen
1692 2046 1816 2106 Beutel
1843 2044 1902 2104 mit
1930 2046 2102 2106 Thalern,
2124 2050 2226 2110 Dia¬

1216 2094 1341 2154 manten
1368 2093 1427 2153 und
1458 2092 1574 2152 andern
1600 2094 1756 2154 kostbaren
1787 2095 1944 2155 Effecten.
1995 2097 2065 2157 Aus
2097 2100 2141 2160 der
2162 2100 2227 2160 Ha¬

1213 2145 1297 2205 vana
1319 2142 1399 2202 wird
1426 2143 1596 2203 berichtet,
1623 2145 1681 2205 daß
1708 2145 1761 2205 das
1789 2148 1911 2208 dortige
1938 2148 2071 2208 Clima,
2092 2151 2203 2211 seitdem

1213 2196 1288 2256 man
1315 2193 1364 2253 die
1381 2193 1543 2253 Wälder,
1571 2196 1684 2256 welche
1712 2196 1749 2256 um
1799 2197 1841 2257 die
1864 2199 1977 2259 Stadt
1999 2201 2118 2261 lagen,
2146 2202 2226 2262 aus¬

1214 2244 1359 2304 gerottet
1377 2242 1487 2302 habe,
1511 2243 1546 2303 um
1599 2248 1645 2308 ein
1680 2246 1802 2306 großes
1832 2252 1989 2312 gesunder
2024 2252 2088 2312 sey.

2132 2249 2209 2309 Von

1211 2294 1258 2354 den
1291 2294 1317 2354 in
1344 2291 1510 2351 gedachten
1537 2297 1691 2357 Wäldern
1724 2300 1777 2360 bey
1815 2300 1910 2360 dieser
1932 2299 2140 2359 Ausrottung
2173 2303 2226 2363 ge¬

1220 2344 1339 2404 fälleten
1377 2342 1529 2402 Bäumen
1568 2348 1632 2408 sind
1660 2350 1774 2410 30000
1818 2348 1925 2408 Stück
1959 2353 2013 2413 zum
2068 2351 2213 2411 dortigen

1216 2390 1389 2450 Schiffbau
1416 2394 1632 2454 angewendet
1649 2399 1799 2459 worden.
1843 2399 1918 2459 Von
1946 2399 2204 2459 Charles=Town

1217 2442 1243 2502 in
1271 2437 1524 2497 Süd=Carolina
1557 2449 1707 2509 berichtet
1724 2450 1821 2510 man,
1854 2449 1907 2509 daß
1945 2448 2031 2508 einer
2059 2446 2123 2506 mit
2145 2447 2220 2507 Na¬

1214 2492 1279 2552 men
1315 2488 1374 2548 von
1404 2493 1546 2553 Dieman
1582 2500 1718 2560 daselbst
1748 2497 1944 2557 angelanget
1974 2494 2044 2554 sey,
2069 2497 2134 2557 und
2164 2497 2210 2557 sich

1211 2540 1356 2600 häuslich
1380 2543 1624 2603 niedergelaßen
1654 2551 1753 2611 habe.
1806 2543 1857 2603 Er
1875 2541 1915 2601 ist
1934 2541 1992 2601 von
2022 2543 2155 2603 Geburt
2173 2544 2213 2604 ein

1211 2590 1414 2650 Holländer,
1449 2592 1510 2652 und
1540 2596 1596 2656 hat
1625 2601 1669 2661 sich
1704 2599 1800 2659 lange
1829 2594 1902 2654 Zeit
1925 2593 1953 2653 zu
1988 2593 2140 2653 Batavia
2180 2598 2208 2658 in

1209 2641 1376 2701 Ostindien
1404 2645 1632 2705 aufgehalten.
1684 2646 1801 2706 Dieser
1829 2643 1935 2703 Mann
1963 2643 2051 2703 giebt
2074 2646 2147 2706 vor,
2164 2646 2213 2706 daß

1208 2685 1235 2745 er
1257 2688 1371 2748 Arrack
1393 2689 1452 2749 aus
1480 2693 1561 2753 Reis
1589 2697 1615 2757 zu
1654 2694 1773 2754 machen
1800 2691 1968 2751 verstehe,
1991 2695 2017 2755 so
2045 2697 2126 2757 gut,
2159 2695 2207 2755 als

1211 2739 1396 2799 derjenige,
1418 2741 1553 2801 welchen
1592 2748 1635 2808 die
1658 2742 1837 2802 Holländer
1870 2739 1923 2799 von
1957 2742 2109 2802 Batavia
2142 2745 2212 2805 nach

1213 2787 1340 2847 Europa
1367 2790 1530 2850 bringen,
1558 2798 1615 2858 und
1642 2793 1726 2853 wenn
1759 2793 1822 2853 man
1854 2790 1901 2850 ihm
1950 2793 2013 2853 mit
2034 2795 2087 2855 den
2125 2796 2225 2856 gehö¬

1205 2838 1295 2898 rigen
1324 2841 1555 2901 Hülfsmitteln
1584 2847 1618 2907 an
1652 2844 1697 2904 die
1721 2844 1817 2904 Hand
1846 2842 1970 2902 ginge,
1999 2844 2032 2904 so
2061 2844 2151 2904 wolle
2180 2844 2213 2904 er

1210 2888 1278 2948 eine
1307 2891 1499 2951 Brennerey
1539 2897 1567 2957 zu
1601 2892 1862 2952 Charles=Town
1897 2891 2049 2951 anlegen.
2112 2894 2219 2954 Diese

1213 2942 1436 3002 Anerbietung
1463 2950 1545 3010 ward
1578 2948 1641 3008 sehr
1661 2945 1763 3005 willig
1790 2942 2052 3002 angenommen,
2084 2943 2147 3003 und
2180 2942 2211 3002 es

2149 2994 2207 3054 sind
