2479 3508
232 262 300 322 rin,
327 266 389 326 und
415 265 465 325 den
498 262 567 322 vier
587 260 713 320 Herren
745 258 903 318 Pflegern
935 258 1157 318 empfangen,
1189 258 1252 318 und

241 315 369 375 sowohl
391 314 442 374 von
473 312 596 372 diesen,
623 309 669 369 als
700 309 798 369 vielen
829 309 942 369 andern
974 309 1190 369 Cavalieren,
1206 306 1252 366 die

239 368 287 428 sich
321 364 456 424 daselbst
484 360 695 420 versammlet
723 360 859 420 hatten,
887 360 957 420 nach
991 358 1044 418 den
1083 357 1251 417 Zimmern

236 413 289 473 der
316 410 609 470 Obervorsteherin
636 410 806 470 begleitet,
828 407 923 467 allwo
951 407 998 467 die
1020 407 1265 467 Stifts=Fräu¬

241 463 326 523 leins
353 461 416 521 mit
432 461 522 521 ihren
554 459 867 519 Lehrmeisterinnen
899 458 973 518 nach
1006 457 1058 517 der
1090 455 1254 515 Ordnung

245 513 444 573 aufgestellet
467 510 594 570 waren,
617 509 677 569 und
705 509 799 569 Ihro
827 506 976 566 Kaiserl.
1005 506 1170 566 Majestät
1204 505 1253 565 als

245 563 315 623 ihre
337 560 477 620 mildeste
511 560 755 620 Pflegemutter
783 560 1113 620 allerunterthänigst
1141 555 1265 615 bewill¬

244 610 435 670 kommten;
463 610 515 670 bey
548 609 680 669 welcher
707 607 935 667 Gelegenheit
963 606 1031 666 eine
1058 607 1116 667 von
1154 604 1255 664 diesen

246 663 448 723 Fräuleins,
475 660 533 720 und
566 658 650 718 zwar
672 655 719 715 die
741 655 863 715 Grafin
890 655 948 715 von
986 655 1198 715 Waldstein,
1220 652 1257 712 an

255 709 343 769 Ihro
373 709 514 769 Kaiserl.
538 709 632 769 Maj.
656 709 679 769 in
709 706 933 766 französischer
951 706 1104 766 Sprache
1128 703 1192 763 eine
1217 702 1263 762 ih¬

236 757 289 817 rem
332 760 433 820 zarten
467 759 557 819 Alter
579 759 718 819 gemäße
751 756 841 816 kurze
874 754 964 814 Rede
997 754 1099 814 hielt,
1126 753 1174 813 die
1201 751 1259 811 von

259 805 345 865 Ihro
378 807 481 867 Maj.
503 807 649 867 überaus
688 804 806 864 gnädig
845 804 1100 864 aufgenommen
1144 801 1273 861 wurde.

264 852 348 912 Ihro
377 858 524 918 Kaiserl.
547 858 643 918 Maj.
661 855 830 915 verfügten
859 852 910 912 sich
939 855 1075 915 hierauf
1104 851 1176 911 nach
1211 848 1267 908 der

246 909 362 969 Kirche
386 909 438 969 der
462 906 543 966 heil.
567 906 771 966 Catharina,
795 903 893 963 allwo
917 903 964 963 der
994 903 1180 963 Erzbischof
1204 899 1261 959 von

246 954 320 1014 St.
337 957 549 1017 Petersburg
576 954 624 1014 den
656 954 890 1014 Gottesdienst
912 952 1119 1012 verrichtete.
1152 949 1263 1009 „Nach

254 1007 434 1067 Endigung
461 1004 609 1064 desselben
642 1003 838 1063 empfiengen
870 1001 960 1061 Ihro
987 998 1114 1058 Majest
1136 998 1194 1058 von
1216 997 1263 1057 der

248 1055 480 1115 Geistlichkeit
510 1051 538 1111 so
574 1052 689 1112 wohl,
713 1049 766 1109 als
795 1048 847 1108 den
883 1049 1021 1109 übrigen
1058 1049 1260 1109 anwesenden
1308 1046 1383 1106 Hr.
1401 1049 1581 1109 Robertson
1611 1052 1668 1112 aus
1698 1055 1832 1115 Danzig
1856 1055 1971 1115 allhier
1995 1055 2052 1115 an.

251 1103 420 1163 Personen
455 1100 500 1160 die
517 1100 801 1160 unterthänigsten
825 1097 1091 1157 Glückwünsche,
1103 1099 1165 1159 und
1182 1094 1272 1154 kehr¬

256 1157 303 1217 ten
336 1154 404 1214 nach
436 1154 483 1214 den
515 1148 678 1208 Zimmern
711 1148 758 1208 der
785 1148 863 1208 Frau
896 1148 1191 1208 Obervorsteherin
1223 1144 1249 1204 zu

250 1206 343 1266 rück,
377 1201 526 1261 woselbst
565 1200 615 1260 die
644 1198 798 1258 Aebtißin
837 1198 892 1258 des
932 1196 1087 1256 Klosters
1126 1196 1186 1256 und
1220 1196 1264 1256 die

255 1253 636 1313 Stiftsschatzmeisterin
669 1249 815 1309 ebenfals
843 1248 913 1308 ihre
942 1246 1202 1306 Gratulationen
1225 1243 1257 1303 ab

251 1306 375 1366 legten.
422 1303 467 1363 Zu
496 1302 626 1362 gleicher
655 1300 723 1360 Zeit
752 1298 878 1358 wurden
913 1297 1003 1357 Ihro
1038 1298 1140 1358 Maj.
1163 1297 1271 1357 einige

257 1357 316 1417 von
349 1354 402 1414 den
441 1351 771 1411 Stifts=Fräuleins
799 1346 988 1406 verfertigte
1021 1348 1205 1408 Arbeiten,
1238 1348 1264 1408 so

257 1407 316 1467 gut
338 1403 364 1463 es
392 1402 440 1462 die
462 1402 522 1462 erst
544 1402 673 1462 kürzlich
701 1399 863 1459 gemachte
886 1399 1140 1459 Einrichtungen
1168 1397 1254 1457 erlau

252 1452 305 1512 ben
339 1452 469 1512 wollen,
496 1449 697 1509 vorgezeigt,
725 1446 876 1506 worüber
899 1446 990 1506 Ihro
1013 1446 1154 1506 Majest.
1171 1443 1262 1503 Dere

257 1503 381 1563 höchste
405 1499 659 1559 Zufriedenheit
683 1497 796 1557 blicken
836 1495 960 1555 liessen.
1035 1496 1187 1556 Hierauf
1205 1494 1272 1554 ver¬

252 1554 361 1614 fügten
398 1551 449 1611 sich
484 1548 577 1608 Ihro
613 1548 717 1608 Maj.
735 1548 810 1608 nach
840 1547 891 1607 dem
950 1547 1269 1607 Conseil=Zimmer,

255 1601 441 1661 durchsahen
470 1597 521 1657 die
538 1596 617 1656 Liste
640 1596 690 1656 der
719 1596 1047 1656 Stifts=Fräuleins,
1076 1596 1126 1656 die
1149 1594 1171 1654 in
1200 1593 1250 1653 die
1296 1596 1426 1656 wenige
1461 1597 1550 1657 Tage
1585 1602 1782 1662 aufhalten,
1806 1604 1867 1664 und
1907 1605 2003 1665 gehet
2032 1602 2093 1662 von
2128 1602 2201 1662 hier
2236 1602 2303 1662 nach

256 1653 304 1713 ser
326 1649 455 1709 Anstalt
483 1646 613 1706 erzogen
651 1643 808 1703 werden,
835 1645 894 1705 und
927 1646 1046 1706 hielten
1079 1643 1127 1703 sich
1160 1641 1273 1701 zuletzt

259 1699 331 1759 noch
357 1697 424 1757 eine
451 1696 553 1756 Welle
574 1694 600 1754 in
632 1694 683 1754 dem
720 1691 916 1751 Speisesaal
927 1691 999 1751 auf,
1025 1691 1061 1751 um
1103 1689 1149 1749 die
1170 1688 1273 1748 Fräu¬

256 1748 338 1808 leins
370 1744 484 1804 speisen
516 1743 547 1803 zu
573 1742 692 1802 sehen;
719 1738 781 1798 und
818 1735 952 1795 nachdem
1000 1733 1093 1793 Ihro
1130 1732 1275 1792 Majest.

254 1793 331 1853 über
358 1792 414 1852 alle
446 1787 612 1847 bisherige
643 1781 809 1841 Anstalten
846 1781 939 1841 dieser
975 1778 1136 1838 Stiftung
1168 1778 1265 1838 Dero

259 1838 400 1898 höchstes
437 1834 676 1894 Wohlgefallen
714 1828 856 1888 bezeiget
887 1828 1015 1888 hatten,
1041 1828 1157 1888 kehrten
1195 1825 1268 1885 Sie

259 1896 355 1956 gegen
386 1890 397 1950 1
428 1888 494 1948 Uhr
518 1885 591 1945 nach
616 1885 670 1945 dem
713 1882 857 1942 Kaiserl.
883 1882 1009 1942 Schloß
1040 1882 1172 1942 zurück.

311 1941 462 2001 Nachdem
506 1936 581 1996 Se.
598 1936 679 1996 Erl.
690 1933 738 1993 der
755 1933 836 1993 Herr
858 1930 1275 1990 General=Feldmarschall

247 1995 314 2055 und
337 1990 527 2050 bisheriger
550 1984 712 2044 Hetmann
747 1981 807 2041 von
842 1981 1139 2041 Klein=Reussen,
1173 1981 1268 2041 Graf

256 2043 317 2103 von
349 2040 364 2100 R
404 2035 606 2095 sumowski,
638 2032 722 2092 schon
755 2031 817 2091 vor
841 2029 964 2089 einiger
990 2031 1066 2091 Zeit
1091 2028 1136 2088 bey
1168 2029 1262 2089 Ihro
1301 2031 1488 2091 Handlung
1512 2034 1698 2094 ausgeübt.

255 2091 405 2151 Kaiserl.
433 2085 577 2145 Majest.
605 2079 933 2139 allerunterthänigst
961 2079 1150 2139 angesucht,
1184 2076 1266 2136 seine

256 2139 511 2199 Hetmannische
534 2133 664 2193 Würde
687 2130 887 2190 niederlegen
915 2127 948 2187 zu
976 2128 1106 2188 dörfen,
1123 2129 1144 2189 so
1166 2127 1263 2187 haben

250 2192 348 2252 Ihro
378 2185 541 2245 Majestät
559 2181 658 2241 diesem
700 2181 822 2241 Gesuch
852 2178 939 2238 zwar
969 2178 1207 2238 nachgegeben,
1231 2178 1277 2238 je¬

262 2240 330 2300 doch
364 2235 432 2295 mit
461 2231 720 2291 Beybehaltung
761 2229 862 2289 seiner
891 2229 1026 2289 übrigen
1061 2227 1264 2287 Dignitäten

255 2290 316 2350 und
344 2286 478 2346 Aemter
501 2279 528 2339 in
562 2279 858 2339 Groß=Rußland.
909 2273 1266 2333 Allerhöchstdieselben

254 2337 357 2397 haben
404 2331 497 2391 dabey
539 2327 591 2387 dem
643 2327 735 2387 Hrn.
768 2326 897 2386 Grafen
934 2324 995 2384 von
1033 2326 1254 2386 Rasumowsk

257 2389 345 2449 nicht
368 2384 456 2444 allein
485 2378 540 2438 den
568 2375 673 2435 Besitz
696 2375 779 2435 derer
807 2375 912 2435 Güter
935 2376 962 2436 in
1002 2375 1251 2435 Klein=Reussen

257 2437 304 2497 die
336 2435 383 2495 die
414 2431 554 2491 hochsel.
579 2426 731 2486 Kaiserin
762 2423 925 2483 Elisabeth
969 2426 1016 2486 ihm
1072 2423 1187 2483 erblich
1230 2423 1284 2483 ge¬

261 2485 402 2545 schenkt,
427 2479 612 2539 bestätiget,
637 2474 705 2534 auch
736 2471 778 2531 die
804 2470 865 2530 von
890 2473 945 2533 den
970 2473 1075 2533 Zöllen
1106 2473 1130 2533 in
1162 2473 1260 2533 Klein

258 2534 395 2594 Reussen
419 2530 556 2590 jährlich
581 2524 747 2584 genossene
772 2521 951 2581 Einkünfte
975 2524 1028 2584 von
1059 2524 1172 2584 50000
1196 2521 1279 2581 Rbl.

257 2586 349 2646 nebst
377 2582 447 2642 noch
474 2581 561 2641 einer
589 2575 713 2635 Zulage
736 2570 790 2630 von
823 2569 959 2629 10000.
987 2573 1073 2633 Rbl.
1101 2572 1127 2632 in
1161 2570 1280 2630 Erwe¬

258 2637 347 2697 gung
371 2632 471 2692 seiner
496 2626 685 2686 zahlreichen
715 2620 881 2680 Familie,
912 2620 965 2680 ihm
1007 2623 1065 2683 auf
1090 2623 1166 2683 seine
1191 2620 1279 2680 übri¬

255 2690 288 2750 ge
318 2680 510 2740 Lebenszeit
540 2675 698 2735 gelassen,
739 2668 875 2728 sondern
916 2667 983 2727 noch
1024 2672 1160 2732 überdem
1212 2670 1268 2730 das

262 2730 385 2790 Schloß
429 2725 583 2785 Gaditsch
620 2721 682 2781 und
726 2720 781 2780 das
825 2716 905 2776 Amt
943 2715 1072 2775 Bykoff
1103 2723 1127 2783 in
1165 2721 1282 2781 Klein=

258 2782 394 2842 Reussen
423 2776 485 2836 mit
503 2775 577 2835 allen
612 2772 680 2832 dazu
720 2769 897 2829 gehörigen
932 2767 1057 2827 Flecken
1092 2769 1154 2829 und
1183 2766 1279 2826 Dör¬

255 2829 322 2889 fern
357 2829 413 2889 zum
453 2825 572 2885 ewigen
601 2817 685 2877 Erb=
703 2819 759 2879 und
788 2816 975 2876 Eigenthum
1026 2817 1077 2877 für
1111 2820 1162 2880 ihn
1208 2817 1264 2877 und

267 2882 344 2942 seine
369 2877 609 2937 Nachkommen
640 2873 832 2933 huldreichst
857 2870 881 2930 zu
924 2867 1086 2927 verleihen
1123 2870 1272 2930 geruhet.

1339 261 1387 321 Zu
1422 263 1554 323 gleicher
1582 264 1657 324 Zeit
1686 264 1727 324 ist
1749 267 1803 327 von
1839 267 1929 327 Ihro
1971 267 2115 327 Kaiserl.
2145 273 2310 333 Majestät

1286 306 1322 366 um
1366 309 1413 369 die
1440 315 1728 375 Landesgeschäfte
1756 317 1804 377 der
1826 318 1969 378 Ukraine
1996 315 2028 375 zu
2060 318 2236 378 besorgen,
2264 320 2306 380 ein

1293 360 1422 420 eigenes
1449 363 1764 423 Klein=Reußisches
1791 369 1956 429 Collegium
1993 366 2138 426 errichtet
2154 368 2211 428 und
2232 369 2314 429 dem¬

1293 410 1395 470 selben
1423 410 1476 470 der
1509 410 1595 470 Herr
1628 413 1779 473 General
1807 414 1839 474 en
1872 415 1984 475 Chef,
2012 416 2109 476 Graf
2131 413 2190 473 von
2234 416 2303 476 Ru¬

1294 458 1461 518 mänzow,
1494 460 1548 520 als
1581 464 1765 524 Präsident
1793 464 1858 524 und
1891 462 2308 522 General=Gouverneur

1295 506 1353 566 vom
1401 507 1518 567 ganzen
1561 512 1683 572 Lande,
1710 515 1886 575 vorgesetzt
1913 515 2072 575 worden.
2120 514 2195 574 Die
2222 513 2322 573 Glie¬

1297 555 1355 615 der
1379 554 1474 614 dieses
1510 561 1668 621 Collegii,
1693 565 1781 625 deren
1817 563 1946 623 Anzahl
1970 566 2029 626 auf
2054 564 2123 624 acht
2148 563 2312 623 bestimmt

1294 604 1354 664 ist,
1377 607 1470 667 sollen
1493 607 1564 667 halb
1598 610 1659 670 aus
1692 615 1808 675 Russen
1847 615 1918 675 halb
1952 615 2013 675 aus
2047 616 2300 676 Eingebohrnen

1293 655 1431 715 bestehen
1463 655 1522 715 und
1549 661 1644 721 theils
1671 661 1729 721 von
1756 664 1947 724 Generals,
1974 664 2069 724 theils
2096 665 2155 725 von
2182 664 2314 724 Staab=

1294 704 1434 764 officiers
1462 707 1642 767 Character
1670 712 1756 772 seyn.
1811 712 1886 772 Dem
1936 712 2028 772 Hrn.
2051 715 2316 775 General=Gou¬

1298 754 1440 814 verneur
1478 755 1541 815 sind
1579 760 1673 820 außer
1711 763 1811 823 seinem
1870 763 2108 823 gewöhnlichen
2151 764 2314 824 Gehalte,

1299 804 1431 864 jährlich
1459 804 1575 864 4000.
1586 807 1675 867 Rbl.
1686 812 1890 872 Taselgelder
1913 813 2123 873 zugestanden
2151 811 2211 871 und
2234 814 2300 874 noch

1297 852 1432 912 überdem
1472 852 1523 912 die
1552 856 1733 916 Einkünfte
1762 861 1818 921 von
1859 862 1943 922 zwey
1979 865 2199 925 ansehnlichen
2240 863 2318 923 Gü¬

1290 901 1360 961 tern
1391 903 1542 963 zugelegt
1563 906 1714 966 worden.

1494 957 1812 1017 Königsberg,
1840 957 1895 1017 den
1930 960 1996 1020 21.
2019 963 2113 1023 Dec.

1347 998 1485 1058 Gestern
1525 1001 1580 1061 kam
1636 1003 1685 1063 der
1719 1006 1891 1066 berühmte
1925 1008 2079 1068 englische
2113 1010 2312 1070 Pferdearzt

2104 1052 2151 1112 Er
2179 1055 2233 1115 hat
2260 1056 2292 1116 am

1299 1097 1420 1157 letztern
1454 1097 1521 1157 Ort
1549 1102 1599 1162 sich
1621 1100 1637 1160 5
1666 1103 1804 1163 Wochen
1838 1104 2077 1164 aufgehalten,
2100 1103 2161 1163 und
2195 1103 2222 1163 in
2250 1103 2322 1163 Ge=

1301 1145 1452 1205 genwart
1480 1150 1577 1210 vieler
1611 1151 1778 1211 Personen
1812 1157 1904 1217 mehr
1937 1154 1985 1214 als
2023 1154 2061 1214 30
2100 1154 2241 1214 Hengste
2268 1154 2322 1214 ge¬

1295 1196 1490 1256 wallachet.

1556 1198 1602 1258 Es
1637 1201 1695 1261 sind
1719 1204 1865 1264 Hengste
1895 1204 1953 1264 von
1983 1204 1994 1264 4
2036 1207 2087 1267 bis
2112 1205 2146 1265 20
2182 1206 2310 1266 Jahren

1298 1247 1452 1307 darunter
1479 1250 1546 1310 auch
1583 1252 1675 1312 sogar
1696 1253 1768 1313 auch
1800 1254 1882 1314 einer
1909 1252 1960 1312 von
1991 1257 2027 1317 24
2059 1257 2188 1317 Jahren
2219 1253 2317 1313 gewe¬

1300 1297 1373 1357 sen.

1444 1298 1492 1358 Er
1513 1302 1646 1362 braucht
1663 1303 1689 1363 zu
1722 1303 1823 1363 seinen
1850 1306 2074 1366 Operationen
2111 1304 2175 1364 kein
2202 1303 2313 1363 glüend

1293 1342 1420 1402 Eisen,
1448 1348 1507 1408 und
1536 1352 1745 1412 beschmieret
1767 1354 1882 1414 selbige
1906 1356 1976 1416 auch
2005 1354 2103 1414 nicht.

2165 1354 2239 1414 Die
2271 1352 2320 1412 ge=

1298 1399 1478 1459 wallachten
1511 1401 1632 1461 Pferde
1659 1402 1775 1462 können
1808 1404 1876 1464 nach
1903 1403 1940 1463 16
1972 1404 2126 1464 Stunden
2163 1404 2232 1464 ihre
2254 1402 2317 1462 Ar=

1299 1446 1367 1506 beit
1391 1449 1590 1509 verrichten.

1653 1447 1696 1507 Er
1729 1452 1839 1512 cavirt
1856 1452 1910 1512 für
1938 1452 1998 1512 alle
2021 1452 2174 1512 Pferde,
2196 1452 2311 1512 welche

1293 1494 1324 1554 er
1357 1497 1504 1557 operirt.

1572 1497 1619 1557 Er
1652 1497 1799 1557 englisirt
1827 1504 1927 1564 auch,
1959 1503 2022 1563 und
2054 1501 2224 1561 verrichtet
2256 1500 2314 1560 alle

1294 1545 1358 1605 nur
1386 1548 1542 1608 mögliche
1570 1551 1819 1611 Pferdekuren.
1873 1551 1922 1611 Er
1955 1551 2035 1611 wird
2063 1553 2111 1613 sich
2150 1551 2219 1611 hier
2247 1551 2312 1611 nur

1301 1643 1528 1703 Morungen.

1423 1691 1563 1751 Auszug
1594 1688 1682 1748 eines
1719 1691 1926 1751 Schreibens
1963 1694 2020 1754 aus
2057 1694 2196 1754 Pillau,

1654 1733 1715 1793 vom
1768 1736 1835 1796 18.
1861 1739 1953 1799 Dec.

1349 1778 1436 1838 Was
1484 1778 1558 1838 dero
1599 1783 1720 1843 neulich
1769 1788 1984 1848 mitgetheilte
2019 1793 2201 1853 Nachricht
2236 1796 2289 1856 vom

1302 1831 1573 1891 Schifscapitain
1596 1837 1811 1897 Holtermann
1846 1843 2027 1903 anlanget,
2056 1846 2084 1906 so
2118 1846 2214 1906 haben
2254 1845 2310 1905 wir

1304 1881 1377 1941 noch
1404 1884 1456 1944 zur
1478 1885 1625 1945 Rettung
1663 1888 1715 1948 der
1737 1889 1820 1949 Ehre
1853 1891 1979 1951 unserer
2006 1891 2127 1951 Lootsen
2164 1894 2317 1954 beyzufü¬

1293 1933 1383 1993 gen,
1410 1933 1463 1993 daß
1495 1931 1521 1991 er
1543 1933 1627 1993 nicht
1649 1936 1771 1996 allein,
1798 1940 1930 2000 sondern
1968 1941 1994 2001 in
2022 1942 2223 2002 Begleitung
2255 1945 2308 2005 des

1293 1981 1688 2041 Lootsencommandeurs
1716 1987 1811 2047 obige
1844 1990 1950 2050 kühne
1983 1995 2041 2055 und
2074 1996 2314 2056 großmuthige

1623 2106 2009 2166 AVERTISSEMENT.

1356 2148 1430 2208 Bey
1466 2151 1517 2211 dem
1564 2154 1725 2214 Verleger
1761 2156 1859 2216 dieser
1883 2163 2021 2223 Zeitung
2051 2163 2090 2223 ist
2120 2166 2149 2226 zu
2184 2163 2316 2223 haben:

1306 2199 1413 2259 Herrn
1441 2202 1489 2262 P.
1511 2202 1646 2262 Formey
1674 2205 1858 2265 moralische
1886 2211 2015 2271 Reden,
2032 2212 2080 2272 als
2108 2214 2172 2274 eine
2195 2214 2318 2274 Fortse¬

1307 2247 1394 2307 tzung
1423 2249 1472 2309 des
1495 2252 1617 2312 christl.
1640 2255 1889 2315 Philosophen,
1906 2258 1961 2318 aus
1989 2261 2039 2321 dem
2084 2264 2206 2324 Franz.
2234 2264 2316 2324 1ster

1307 2298 1376 2358 Th.
1399 2300 1433 2360 8,
1452 2303 1538 2363 764,
1556 2303 1567 2363 1
1598 2303 1632 2363 fl.
1656 2303 1690 2363 15
1708 2304 1760 2364 gr.
1801 2306 1875 2366 Der
1912 2309 2021 2369 Christ
2045 2310 2079 2370 am
2121 2315 2323 2375 Sonntage,

1306 2348 1373 2408 eine
1399 2351 1521 2411 moral.
1540 2354 1811 2414 Wochenschrift,
1824 2357 1891 2417 2ter
1917 2360 1990 2420 Th.
2009 2363 2058 2423 gr.
2071 2363 2107 2423 8,
2120 2366 2218 2426 Halle
2231 2367 2317 2427 764,

1311 2405 1324 2465 3
1352 2400 1392 2460 fl.

1329 2478 1655 2538 Wechsel-Cours
1677 2479 1697 2539 &
1751 2482 1908 2542 Species
1930 2485 1971 2545 d.
1983 2488 2055 2548 20.
2067 2491 2171 2551 Dec.
2193 2494 2319 2554 1764.

1313 2530 1497 2590 Amsterdam
1538 2533 1578 2593 41
1602 2530 1688 2590 Tage
1711 2534 1763 2594 309
1787 2535 1839 2595 gr.
1897 2532 1937 2592 71
1961 2542 2047 2602 Tage
2070 2543 2127 2603 307
2145 2545 2203 2605 gr.

1301 2578 1479 2638 Hamburg
1515 2584 1527 2644 3
1555 2584 1610 2644 W.
1625 2582 1768 2642 135gr.

1856 2587 1872 2647 6
1901 2588 1957 2648 W.
1975 2593 2037 2653 134
2060 2595 2116 2655 gr.

1312 2629 1428 2689 Berlin

1810 2633 1966 2693 Dantzig
2001 2641 2039 2701 24
2074 2643 2124 2703 pr.
2141 2643 2219 2703 Cto.

1306 2676 1452 2736 Ducaten
1478 2676 1551 2736 neue
1570 2678 1581 2738 9
1607 2681 1643 2741 fl.
1656 2683 1741 2743 3gr.

1891 2683 2025 2743 Alberts
2042 2688 2139 2748 Taler
2156 2694 2214 2754 130
2242 2691 2295 2751 gr.

1302 2727 1421 2787 Rubel
1444 2727 1506 2787 112
1528 2728 1591 2788 gr.

1789 2728 1845 2788 Alt
1858 2735 1998 2795 Polnisch
2028 2739 2101 2799 Geld
2124 2741 2157 2801 13
2181 2744 2231 2804 pr.
2243 2739 2321 2799 Cto.

1304 2786 1407 2846 Diese
1423 2784 1563 2844 Gelehrte
1586 2785 1637 2845 und
1660 2790 1822 2850 Politische
1846 2793 1971 2853 Zeitung
1994 2793 2060 2853 wird
2090 2796 2134 2856 des
2157 2797 2312 2857 Montag=

1412 2830 1472 2890 und
1502 2827 1646 2887 Freytags
1671 2832 1871 2892 Vormittags
1896 2837 1925 2897 um
1966 2838 1995 2898 10
2021 2838 2080 2898 Uhr
2100 2839 2125 2899 in
2150 2838 2199 2898 dem

1493 2873 1691 2933 Kanterschen
1718 2879 1896 2939 Buchladen
1923 2882 2132 2942 ausgegeben.
