2479 3508
252 295 483 355 vollständigen
512 294 692 354 Würden,
727 294 789 354 und
812 294 851 354 ich
880 294 958 354 habe
993 294 1054 354 kein
1083 292 1184 352 Wort
1213 294 1263 354 der

255 345 471 405 Erinnerung
504 345 601 405 wider
640 345 720 405 diese
753 342 844 402 Ihre
883 345 1153 405 wohlmeynende
1181 343 1272 403 Vor¬

468 394 544 454 Bey
578 392 605 452 so
634 395 795 455 gestallten
829 392 961 452 Sachen
1012 394 1116 454 dörfte
1145 394 1261 454 Ihnen

257 393 399 453 schläge.

249 442 325 502 mein
359 443 468 503 Herr,
496 445 550 505 das
578 443 792 503 Bekenntniß
815 442 1028 502 befremden,
1062 443 1193 503 welches
1227 443 1264 503 ich

258 494 374 554 Ihnen
407 494 529 554 hiemit
556 492 619 552 und
651 493 736 553 kraft
763 492 863 552 dieses
897 494 1055 554 wiewohl
1077 494 1141 554 mit
1168 492 1268 552 etwas

264 542 469 602 furchtsamen
496 543 599 603 Arme
621 543 717 603 thue.
767 544 831 604 Ich
859 545 950 605 tanze
967 545 1091 605 selber,
1119 544 1177 604 und
1210 542 1269 602 wie

264 592 291 652 es
319 591 368 651 sich
397 591 451 651 von
479 592 567 652 selbst
595 592 760 652 versteht,
783 590 837 650 daß
871 591 909 651 ich
948 593 1030 653 nicht
1053 592 1168 652 tanze,
1197 592 1273 652 weil

256 638 300 698 ich
329 640 419 700 Ihre
443 640 663 700 Abhandlung
686 640 805 700 gelesen
834 642 935 702 habe,
970 643 998 703 so
1027 643 1202 703 geschiehet
1231 640 1275 700 es,

261 688 340 748 weil
357 691 396 751 ich
426 691 464 751 25
493 691 583 751 Jahr
607 691 651 751 alt
669 690 741 750 bin.
771 688 832 748 Ein
855 691 979 751 schönes
1008 691 1121 751 Alter!
1150 691 1279 751 Außer¬

264 737 312 797 dem
356 736 421 796 lebe
443 739 480 799 ich
514 739 562 799 der
585 741 654 801 steif
677 739 736 799 und
759 739 845 799 festen
878 741 1068 801 Hofnung,
1101 742 1133 802 es
1167 739 1274 799 werde

264 786 317 846 der
340 786 648 846 Gesellschaftstanz
671 789 746 849 über
769 789 838 849 kurz
866 789 926 849 und
959 789 1034 849 über
1067 789 1143 849 lang
1176 786 1273 846 wider

261 834 319 894 alle
342 836 519 896 Einwürfe
542 837 687 897 gerettet,
704 838 763 898 und
790 840 817 900 zu
850 838 898 898 der
920 837 1011 897 Ehre
1034 840 1168 900 erhoben
1196 837 1276 897 wer¬

263 885 347 945 den,
374 885 400 945 zu
433 888 559 948 welcher
586 885 655 945 Sie
677 888 723 948 ihn
756 888 782 948 zu
820 888 952 948 erheben
995 891 1079 951 einen
1117 887 1280 947 vergebli¬

258 936 328 996 chen
356 936 495 996 Versuch
523 936 679 996 gemacht.
728 937 815 997 Wer
837 937 945 997 weiß,
972 939 1004 999 ob
1032 939 1112 999 nicht
1145 937 1193 997 bey
1221 935 1274 995 der

255 987 285 1047 je
307 984 399 1044 mehr
421 985 478 1045 und
504 987 597 1047 mehr
619 984 862 1044 zunehmenden
894 984 1122 1044 Sprödigkeit
1139 987 1190 1047 des
1222 983 1283 1043 an¬

258 1029 328 1089 dern
364 1031 571 1091 Geschlechts
607 1031 743 1091 derselbe
780 1031 830 1091 als
866 1034 905 1094 ein
952 1033 1113 1093 erlaubtes
1154 1034 1280 1094 Mittel

260 1079 471 1139 aufkommen
498 1080 613 1140 koͤnne,
635 1081 719 1141 ohne
740 1079 787 1139 die
804 1079 888 1139 sonst
909 1082 1125 1142 gewöhnliche
1147 1082 1278 1142 Dienst¬

264 1130 351 1190 jahre
378 1130 448 1190 kurz
471 1130 535 1190 und
563 1130 617 1190 gut
639 1130 693 1190 zur
715 1130 796 1190 Frau
824 1130 855 1190 zu
878 1130 1056 1190 gelangen.
1084 1130 1159 1190 Wie
1182 1130 1284 1190 glück¬

261 1181 316 1241 lich
344 1181 449 1241 wuͤrde
477 1178 520 1238 sich
549 1180 692 1240 mancher
715 1178 764 1238 des
798 1179 914 1239 heilgen
942 1181 1141 1241 Ehestandes
1164 1178 1279 1238 ruͤhm¬

261 1230 348 1290 lichst
377 1228 599 1288 Beflissener,
635 1233 663 1293 zu
699 1230 827 1290 schätzen
869 1231 1003 1291 Ursache
1027 1228 1160 1288 haben,
1184 1228 1277 1288 wenn

261 1279 310 1339 die
344 1279 526 1339 unzeitigen
576 1279 963 1339 Heyrathssolennitäten
1008 1282 1057 1342 als
1090 1279 1145 1339 das
1184 1279 1272 1339 sind:

259 1330 413 1390 feufzen,
436 1330 585 1390 fluchen,
613 1330 729 1390 knien,
752 1333 945 1393 schwören,
968 1333 996 1393 je
1019 1331 1090 1391 eher
1118 1330 1146 1390 je
1174 1330 1273 1390 lieber

264 1378 447 1438 abgestellet
465 1381 524 1441 und
552 1378 594 1438 ein
628 1381 768 1441 kürzerer
791 1381 866 1441 Weg
894 1381 921 1441 zu
949 1383 1002 1443 den
1030 1381 1268 1441 Geheimnissen

262 1426 315 1486 des
343 1428 565 1488 Ehestandes,
582 1431 724 1491 entdeckt
741 1428 865 1488 werden
893 1431 1029 1491 möchte.
1078 1434 1192 1494 Jener
1214 1431 1284 1491 An¬

261 1479 334 1539 fang
363 1479 413 1539 zur
436 1479 634 1539 Stutzerode
658 1481 691 1541 an
725 1481 872 1541 Doris

435 1552 499 1612 Ach
530 1551 588 1611 daß
624 1553 676 1613 zum
724 1552 841 1612 Schuh
877 1554 918 1614 ich
954 1556 1083 1616 würde,

434 1600 566 1660 Damit
594 1605 660 1665 dein
699 1605 764 1665 Fuß
804 1604 875 1664 mich
914 1605 1007 1665 trete.

259 1670 369 1730 würde
391 1673 522 1733 alsdenn
555 1676 786 1736 ausgestaͤupet
803 1673 955 1733 werden,
982 1673 1045 1733 und
1072 1673 1182 1733 unsere
1209 1673 1271 1733 Re¬

254 1719 317 1779 de:
340 1722 390 1782 ja,
404 1721 453 1781 ja,
467 1721 562 1781 nein,
581 1718 671 1778 nein,
689 1720 752 1780 und
776 1718 844 1778 was
871 1718 989 1778 drüber
1012 1718 1066 1778 ist,
1084 1718 1138 1778 vom
1175 1718 1274 1778 Uebel

257 1763 341 1823 seyn.
369 1760 491 1820 Dieser
510 1760 796 1820 unmaaßgebliche
820 1757 965 1817 Einfall,
980 1760 1073 1820 dessen
1098 1757 1271 1817 Erfüllung

259 1811 452 1871 mancherley
487 1811 815 1871 Narrenteudungen
849 1808 916 1868 und
944 1808 1078 1868 Scherz
1112 1808 1139 1868 so
1167 1808 1272 1868 keiner

258 1864 459 1924 männlichen
495 1862 598 1922 Seele
622 1862 812 1922 geziemen,
847 1861 991 1921 abstellen
1032 1861 1170 1921 würde;
1211 1858 1274 1918 soll

247 1913 302 1973 dem
352 1915 563 1975 ohngeachtet
586 1915 647 1975 auf
675 1912 830 1972 keinerley
864 1912 969 1972 Weise
1004 1912 1053 1972 die
1081 1912 1276 1972 Vertheidi¬

248 1966 334 2026 gung
362 1966 410 2026 des
438 1963 786 2023 Gesellschaftstanzes
814 1963 890 2023 über
917 1961 966 2021 sich
993 1961 1151 2021 nehmen.
1179 1963 1276 2023 Mei¬

243 2015 288 2075 ne
328 2011 458 2071 Absicht
498 2013 537 2073 ist
572 2013 645 2073 bloß
686 2011 867 2071 gewesen,
901 2012 997 2072 Ihre
1032 2011 1185 2071 Beweise
1231 2010 1258 2070 in

254 2064 592 2124 Schlachtordnung,
608 2064 639 2124 zu
666 2061 871 2121 entwafnen,
893 2061 977 2121 ohne
1004 2061 1072 2121 mich
1104 2058 1262 2118 übrigens

254 2113 283 2173 zu
324 2112 409 2172 einem
450 2112 530 2172 Held
560 2112 590 2172 in
626 2112 711 2172 einem
762 2109 882 2169 andern
913 2112 1003 2172 Felde
1028 2108 1264 2168 aufzuwerfen.

252 2163 440 2223 Anlangend
469 2160 518 2220 die
536 2163 640 2223 Ihrer
658 2160 875 2220 Abhandlung
904 2160 1070 2220 zugesellte
1088 2158 1253 2218 Berloque

251 2211 277 2271 so
304 2210 383 2270 weiß
410 2210 447 2270 ich
474 2211 579 2271 nicht,
601 2209 638 2269 ob
665 2211 733 2271 Sie
755 2211 818 2271 mir
840 2208 983 2268 darum,
1005 2208 1084 2268 weil
1111 2208 1147 2268 sie
1180 2208 1259 2268 mein

258 2258 480 2318 Tanzmeister
512 2258 596 2318 nicht
623 2257 649 2317 in
682 2258 760 2318 allen
793 2258 882 2318 ihren
915 2258 1041 2318 Theilen
1079 2255 1258 2315 vorzüglich

257 2306 374 2366 findet,
409 2306 482 2366 oder
512 2306 581 2366 bloß
620 2306 679 2366 aus
714 2306 762 2366 dem
807 2309 1081 2369 unzureichenden
1116 2306 1258 2366 Grunde

248 2359 334 2419 nicht
362 2355 497 2415 gefällt,
525 2354 601 2414 weil
623 2354 666 2414 ich
700 2354 862 2414 durchaus
895 2357 960 2417 kein
988 2354 1167 2414 Liebhaber
1200 2356 1254 2416 von

251 2408 442 2468 Berloquen
480 2404 559 2464 bin,
587 2402 623 2462 sie
656 2402 767 2462 mögen
810 2404 846 2464 an
879 2406 990 2466 Uhren
1028 2405 1096 2465 oder
1135 2404 1166 2464 an
1204 2402 1272 2462 Ab¬

247 2458 453 2518 Handlungen
481 2454 631 2514 hängen.
688 2446 826 2506 Soviel
849 2452 888 2512 ist
917 2457 1150 2517 ausgemacht,
1173 2452 1256 2512 jeder

248 2505 307 2565 von
334 2507 443 2567 Ihren
476 2505 638 2565 geneigten
666 2497 769 2557 Lesern
807 2502 921 2562 würde
954 2503 1051 2563 lieber
1080 2503 1252 2563 diejenigen

250 2555 359 2615 Tänze
383 2557 469 2617 durch
505 2553 789 2613 choregraphische
812 2551 934 2611 Künste
952 2554 1108 2614 verewigt
1132 2551 1253 2611 gesehen

245 2605 377 2665 haben,
404 2607 451 2667 die
473 2607 525 2667 auf
547 2605 673 2665 unserem
722 2599 858 2659 Grunde
885 2599 944 2659 und
965 2602 1081 2662 Boden
1119 2602 1261 2662 gewach¬

237 2654 318 2714 sen,
346 2655 405 2715 und
433 2653 525 2713 unter
547 2654 611 2714 uns
634 2652 715 2712 gang
742 2648 807 2708 und
830 2646 910 2706 gaͤbe
932 2647 1019 2707 sind,
1047 2652 1095 2712 als
1129 2652 1258 2712 diejeni¬

235 2705 321 2765 gen,
355 2706 404 2766 die
431 2703 524 2763 sogar
557 2703 638 2763 ohne
666 2700 797 2760 Namen
836 2696 895 2756 und
923 2700 1174 2760 Geburtsbrief
1202 2700 1245 2760 ein

237 2754 464 2814 Bürgerrecht
487 2751 677 2811 erschleichen
710 2748 845 2808 wollen.
873 2745 916 2805 Es
944 2745 981 2805 ist
998 2748 1106 2808 weiter
1134 2751 1253 2811 nichts,

237 2805 290 2865 als
312 2805 377 2865 eine
394 2805 485 2865 Hand
507 2802 571 2862 voll
583 2802 821 2862 Materialien,
838 2796 902 2856 was
924 2796 956 2856 ich
984 2799 1091 2859 Ihnen
1119 2802 1146 2862 im
1189 2799 1254 2859 fol=

233 2858 351 2918 genden
382 2855 596 2915 überliefere,
626 2855 685 2915 und
709 2854 745 2914 es
775 2851 857 2911 wird
888 2849 941 2909 von
977 2852 1083 2912 Jhnen
1126 2852 1256 2912 abhän=

1306 295 1395 355 gen,
1420 294 1480 354 aus
1511 297 1667 357 derselben
1704 297 1740 357 ein
1771 300 1958 360 Postscript
1983 300 2013 360 zu
2043 300 2152 360 Ihrer
2183 303 2339 363 Abhand¬

1311 342 1386 402 lung
1416 343 1526 403 herbey
1557 345 1585 405 zu
1615 348 1767 408 schaffen.

1364 395 1846 455 Friedrichsquadrille
1870 395 1926 455 hat
1949 395 2022 455 seine
2046 395 2187 455 Existenz
2205 397 2238 457 an
2261 399 2312 459 dem

1317 443 1549 503 Geburtstage
1577 444 1657 504 eines
1685 449 1890 509 Monarchen
1918 449 2085 509 erhalten,
2124 447 2178 507 von
2211 450 2259 510 dem
2297 452 2329 512 es

1316 494 1514 554 geschrieben
1539 494 1640 554 steht:

1591 554 1650 614 Ein
1687 558 1799 618 König
1835 559 1894 619 auf
1925 559 1972 619 dem
2026 559 2126 619 Ball,

1370 601 1427 661 Ein
1463 601 1573 661 König
1603 603 1626 663 in
1661 607 1714 667 der
1743 610 1929 670 Schlacht,
1953 611 1999 671 ein
2036 612 2139 672 König
2170 610 2315 670 überall.

1319 676 1425 736 Musik
1456 676 1514 736 und
1550 677 1675 737 Gänge
1705 682 1770 742 sind
1800 682 2049 742 ungebraucht,
2091 684 2149 744 und
2186 685 2315 745 nehmen

1322 727 1365 787 sich
1393 727 1570 787 vorzüglich
1598 730 1686 790 aus,
1709 732 1763 792 so,
1792 732 1841 792 daß
1870 732 1941 792 man
1975 733 2073 793 diesem
2113 735 2223 795 Tanze
2257 736 2323 796 eine

1319 775 1440 835 gewisse
1458 776 1679 836 Empfindung
1708 781 1868 841 anmerkt,
1885 784 1935 844 die
1958 784 2007 844 dem
2041 784 2201 844 Verfasser
2230 784 2335 844 dessel¬

1319 825 1368 885 ben
1403 822 1492 882 Ehre
1516 826 1639 886 macht.

1366 876 1765 936 Götterquadrille
1787 879 1847 939 hat
1870 879 1956 939 ihren
1990 882 2121 942 Namen
2154 882 2203 942 den
2231 883 2339 943 Mas¬

1318 921 1360 981 ken
1388 925 1642 985 zuzuschreiben,
1659 927 1772 987 welche
1794 927 1843 987 bey
1876 929 1924 989 der
1946 930 2103 990 Ausgabe
2126 930 2222 990 dieses
2244 933 2330 993 Tan¬

1313 974 1357 1034 zes
1378 972 1433 1032 von
1460 973 1596 1033 Göͤttern
1617 975 1784 1035 entlehnet
1800 975 1947 1035 worden.
1972 978 2043 1038 Die
2064 981 2216 1041 Vorzüge
2237 981 2327 1041 dieser

1317 1019 1492 1079 Quadrille
1519 1022 1580 1082 sind
1606 1022 1694 1082 nicht
1710 1022 1963 1082 abzuläugnen,
2000 1025 2030 1085 ob
2062 1026 2128 1086 man
2160 1028 2206 1088 ihr
2232 1031 2325 1091 gleich

1315 1067 1413 1127 keinen
1446 1070 1719 1130 Götterschwung
1747 1070 1970 1130 zuzugestehen
2008 1070 2139 1130 Ursache
2172 1075 2242 1135 hat.

1364 1118 1532 1178 Lieschen.
1582 1121 1641 1181 Ein
1669 1121 2067 1181 Gelegenheitstänzchen
2100 1119 2231 1179 welches
2258 1122 2328 1182 eine

1319 1167 1451 1227 grössere
1475 1169 1712 1229 Bekantschaft
1737 1172 1782 1232 als
1806 1172 1852 1232 die
1881 1171 1928 1231 des
1957 1171 2229 1231 Hochzeithauses
2265 1172 2333 1232 ver¬

1317 1219 1438 1279 dienet,
1460 1219 1518 1279 zur
1540 1219 1772 1279 Bezeichnung
1799 1219 1884 1279 einer
1921 1222 2069 1282 neuligen
2102 1222 2318 1282 Verbindung

1307 1270 1500 1330 gefertiget.
1569 1270 1705 1330 Seines
1729 1272 1836 1332 Alters
1866 1270 1905 1330 15
1934 1270 2042 1330 Tage.

1367 1321 1526 1381 Plaisir
1561 1319 1599 1379 de
1627 1321 1960 1381 Friedrichstein
1999 1321 2149 1381 verdient
2177 1324 2331 1384 vollkom¬

1312 1369 1376 1429 men
1415 1372 1463 1432 die
1485 1372 1766 1432 choregraphische
1788 1369 2032 1429 Verewigung.

1367 1419 1530 1479 Plaisir
1553 1419 1598 1479 de
1627 1419 1802 1479 Bauer,
1836 1419 1881 1479 ein
1915 1422 2039 1482 artiges
2068 1422 2265 1482 Tänzchen,
2294 1424 2316 1484 so

1305 1468 1367 1528 mir
1393 1470 1455 1530 und
1486 1470 1610 1530 meinen
1642 1470 1905 1530 Tanzcoataneis
1947 1469 2004 1529 von
2030 1470 2138 1530 Joh.
2160 1473 2325 1533 Bauer,

1311 1515 1340 1575 in
1371 1518 1416 1578 die
1441 1518 1531 1578 Fuͤße
1557 1518 1662 1578 dictirt
1688 1520 1844 1580 worden,
1870 1521 1920 1581 als
1945 1518 2076 1578 welcher
2101 1520 2166 1580 auch
2197 1521 2247 1581 der
2277 1520 2327 1580 ge¬

1310 1568 1432 1628 schickte
1454 1569 1616 1629 Verfasser
1644 1569 1704 1629 und
1733 1569 1888 1629 Verleger
1911 1571 1988 1631 aller
2017 1571 2128 1631 obigen
2168 1572 2328 1632 angegeb¬

1309 1616 1365 1676 nen
1399 1616 1511 1676 Tänze
1528 1617 1583 1677 ist.

1360 1663 1442 1723 Noch
1474 1663 1536 1723 eine
1558 1661 1729 1721 Recension
1761 1661 1833 1721 über
1860 1661 1901 1721 die
1923 1663 2084 1723 Walze,
2105 1664 2235 1724 welcher
2256 1665 2323 1725 Sie

1310 1709 1344 1769 am
1384 1706 1476 1766 Ende
1496 1706 1554 1766 auf
1575 1706 1623 1766 der
1648 1706 1716 1766 3ten
1746 1705 1848 1765 Seite
1869 1706 1976 1766 Ihrer
2001 1709 2226 1769 Abhandlung
2256 1712 2319 1772 Kö¬

1309 1748 1531 1808 nigsbergsche
1557 1748 1698 1808 gelehrte
1719 1748 1779 1808 und
1805 1751 1966 1811 politische
1992 1754 2164 1814 Zeitungen
2195 1757 2230 1817 p.
2241 1760 2326 1820 286.

1312 1796 1354 1856 ein
1388 1799 1561 1859 Räumlein
1594 1799 1718 1859 gönnen
1746 1799 1886 1859 können.

1359 1845 1411 1905 Es
1435 1849 1469 1909 ist
1493 1852 1702 1912 vollkommen
1737 1852 1940 1912 unbekannt,
1952 1852 1998 1912 wo
2022 1852 2062 1912 sie
2086 1856 2138 1916 her
2162 1858 2213 1918 ist,
2231 1858 2260 1918 ob
2289 1860 2318 1920 es

1310 1903 1402 1963 gleich
1426 1903 1529 1963 gewiß
1553 1903 1617 1963 ist,
1646 1903 1704 1963 daß
1739 1903 1779 1963 sie
1803 1903 1890 1963 ihren
1919 1905 2034 1965 Stand
2070 1906 2151 1966 listig
2180 1911 2214 1971 zu
2250 1910 2318 1970 ver¬

1301 1953 1437 2013 läugnen
1473 1954 1630 2014 gewußt,
1666 1954 1726 2014 und
1757 1952 1807 2012 sich
1844 1954 1899 2014 aus
1940 1956 2026 2016 einem
2077 1957 2168 2017 guten
2204 1957 2315 2017 Hause

1309 2002 1525 2062 geschrieben.
1573 2002 1747 2062 Vielleicht
1774 2002 1810 2062 ist
1843 2003 1911 2063 man
1949 2002 1980 2062 da
2017 2003 2106 2063 ihrem
2149 2006 2318 2066 Geburts¬

1299 2049 1367 2109 orte
1400 2049 1526 2109 näher,
1559 2049 1611 2109 wo
1638 2051 1712 2111 man
1744 2049 1780 2109 sie
1808 2051 1876 2111 bloß
1914 2052 1966 2112 zum
2014 2052 2125 2112 Pöbel
2153 2057 2316 2117 verweist,

1306 2100 1360 2160 und
1386 2100 1446 2160 mit
1462 2097 1613 2157 derselben
1644 2100 1729 2160 keine
1750 2100 1865 2160 andere
1886 2103 2097 2163 Feyrlichkeit
2113 2106 2158 2166 als
2184 2106 2233 2166 die
2254 2107 2304 2167 des

1298 2150 1409 2210 blauen
1437 2148 1610 2208 Montags
1633 2148 1828 2208 bezeichnet.
1878 2151 1951 2211 Vor
1974 2152 2035 2212 alte
2058 2155 2230 2215 Jungfern
2259 2158 2313 2218 soll

1299 2198 1336 2258 sie
1359 2198 1456 2258 soviel
1473 2196 1569 2256 Trost
1592 2198 1635 2258 als
1662 2197 1711 2257 die
1733 2198 1890 2258 sauberste
1913 2200 2096 2260 Schminke
2119 2204 2140 2264 in
2173 2204 2216 2264 sich
2249 2205 2313 2265 ent¬

1298 2246 1427 2306 halten,
1443 2244 1499 2304 und
1531 2243 1588 2303 wie
1614 2246 1681 2306 man
1708 2247 1764 2307 mir
1791 2248 1899 2308 gesagt
1920 2246 1987 2306 hat,
2003 2248 2039 2308 ist
2060 2249 2096 2309 sie
2117 2252 2236 2312 bereits
2263 2252 2309 2312 die

1299 2294 1457 2354 Kuplerin
1489 2294 1542 2354 von
1580 2297 1790 2357 verschiednen
1823 2297 1912 2357 Ehen
1939 2297 2097 2357 gewesen.
2146 2300 2245 2360 Wird
2272 2302 2303 2362 es

1292 2347 1379 2407 nicht
1400 2345 1467 2405 bald
1489 2344 1561 2404 Zeit
1577 2345 1664 2405 seyn,
1680 2345 1732 2405 den
1753 2348 1907 2408 Himmel
1924 2346 1980 2406 aus
2007 2345 2094 2405 einem
2131 2349 2301 2409 bekannten

1300 2394 1542 2454 Sprüchworte
1559 2390 1585 2450 zu
1612 2393 1801 2453 verweisen,
1813 2398 1870 2458 und
1892 2396 1918 2456 zu
1940 2396 2108 2456 sprechen:
2124 2396 2198 2456 Die
2214 2402 2298 2462 Ehen

1293 2446 1418 2506 werden
1451 2446 1472 2506 im
1516 2443 1636 2503 walzen
1663 2446 1876 2506 geschlossen?
1904 2446 1914 2506 -

1969 2449 2030 2509 Jch
2065 2444 2106 2504 bin
2135 2450 2182 2510 rc.

1566 2521 1654 2581 Der
1686 2528 2028 2588 Tobacksraucher.

1294 2602 1384 2662 Der
1418 2604 1515 2664 blasse
1548 2602 1724 2662 Strephon
1757 2605 1848 2665 sucht
1882 2605 1966 2665 schon
2013 2608 2188 2668 himmlisch
2228 2613 2299 2673 hier

1818 2652 1855 2712 zu
1892 2652 2003 2712 leben,

1285 2706 1360 2766 Ihn
1401 2703 1504 2763 muß,
1528 2700 1574 2760 wo
1604 2700 1678 2760 man
1720 2700 1771 2760 ihn
1812 2703 1916 2763 sieht,
1952 2703 1991 2763 ein
2033 2707 2281 2767 Tobacksqualm

1822 2751 2010 2811 umgeben;

1286 2799 1359 2859 Wie
1393 2796 1495 2856 könnt
1519 2796 1552 2856 er
1582 2801 1797 2861 himmlischer
1832 2802 1888 2862 auf
1917 2802 2014 2862 dieser
2048 2802 2133 2862 Erde
2162 2802 2264 2862 seyn?

1284 2856 1334 2916 In
1366 2850 1497 2910 Wolken
1523 2850 1603 2910 steht
1623 2852 1653 2912 er
1673 2855 1754 2915 auf,
1792 2855 1816 2915 in
1842 2855 1973 2915 Wolken
2005 2853 2117 2913 schläft
2137 2852 2161 2912 er
2187 2849 2255 2909 ein.
