2034 2755
102 225 960 274 schiedne Stellen widersprechen doch auch dieser Vor¬
110 268 955 318 stellung, und unterrichten uns, daß der Psalm über¬
104 311 955 359 haupt nur vom Stande der Erniedrigung handle,
95 346 953 404 und manche Umstande ohne Folge der Zeitordnung
173 484 880 536 Frankfurt am Main, den 18. Octob.
143 523 947 577 Sichern Nachrichten zufolge werden Ihro Königl.
102 564 955 620 Hoheit die Herzogin Charlotte von Lothringen den
102 609 890 679 18ten von Mons ihre Reise nach Wien antreten.
298 655 761 705 London, vom 19. Octob.
143 692 951 743 Es zeigt hier eine arme Frau ein Kind, das an¬
102 726 947 791 statt der Hände und Füße Klauen eines großen See¬
104 778 949 826 krebses hat. Die Königl. Societät hat der Frau
102 823 949 882 Befehl ertheilt, ihr Kind in künftiger Versammlung
104 858 949 929 in die Societät zu bringen, um solches den Mitglie¬
95 899 949 964 dern zu zeigen. Ein Einwohner der Stadt London
102 938 955 1014 hat die Kunst erfunden, stinkende Bier= und Wein¬
108 981 944 1031 fasser so zu reinigen, als ob sie ganz neu waren.
104 1027 944 1091 Die Admiralität verlangt seine Kunst zu wissen, vor
97 1068 953 1132 welcher er Proben ablegen wird. Diese Fässer wa¬
104 1113 949 1156 ren nach langen Seereisen nicht weiter brauchbar.
102 1150 953 1199 Wenn die Kunst richtig ist, so wird unsre Regie¬
95 1191 931 1249 rung dadurch jährlich etliche 1000 Pf. St. ersparen.
182 1241 871 1308 Auszug eines Briefes von Charles=Town,
404 1273 653 1346 vom 24. Aug.
136 1290 949 1368 Diejenige haben wohl recht, welche Florida für
108 1351 944 1409 keine sonderliche Acquisition der Engländer halten.
95 1400 949 1452 Ich bin durch die rühmliche Beschreibungen dieses
95 1444 949 1498 Landes sowohl betrogen worden, als andere. Die
102 1476 947 1530 Schiffahrt nach Florida ist wegen der vielen Sand¬
95 1526 949 1573 banke, reißenden Ströme und sehr großen Bäume die
102 1567 944 1612 auf die 100 bis 150 Meilen vom Lande ab in die
104 1601 947 1662 See hineingetrieben werden, ungemein gefährlich.
104 1647 947 1714 Die Küste ist niedrig und sandig, und mit Gebüschen
95 1686 947 1755 überwachsen. Der Eingang in den Meerbusen Pen¬
108 1733 944 1779 sacola ist vermögend, die Schiffe von ganz Europa
95 1781 947 1839 in sich zu fassen; der Grund ist schleimigter Sand,
102 1859 949 1902 Stadt Pensacola ist viereckigt, jede Seite ist 900
95 1893 947 1945 Fuß lang, darinnen sind ungefähr 150 elende Hüt=
102 1943 947 2008 ten. Die Wände sowohl als Dächer bestehen aus
102 1978 947 2047 Rinden von Cypressen, ausgenommen das Gouver¬
95 2023 947 2088 nementshaus, welches von Ziegelsteinen erbauet ist.
104 2062 940 2120 Die Besatzung bestehet aus denen noch übriggeblie¬
108 2109 940 2155 benen von dem 35sten Regiment und 16 Kano=
104 2150 944 2196 nen. Der Ort kann sich nur gegen Indianer be¬
95 2189 947 2239 schützen. Die Einwohner haben ihre Lebensmittel
95 2233 936 2293 von Reu=Orleans und Mobile, außer den Fischen,
95 2276 936 2326 welche sie selber fangen. Das Land bringt nichts
95 2315 936 2380 hervor, weder Kraut noch Rüben, noch einige andre
95 2364 940 2421 Art von Zugemüse, es ist eine völlige Wüste. Der
97 153 1835 227 te, z. E. die Ausspielung seines Rocks. Allein ver= anführe. Diese Stellen aber hat der Paraphrast
973 225 1831 287 ganz falsch geben müssen, damit sie nur in seine Vor¬
975 266 1411 337 aussetzung passen möchten.
1145 309 1653 402 (Der Beschluß folgt künftig.)
973 471 1831 536 Grund ist weißer Sand, halb verbrannt, und mit
979 527 1833 577 Fichten, Cedern, Cypressen und Eichen und anderm
973 566 1392 638 kleinen Gebüsche bedeckt.
1191 603 1617 666 Blois, den 11. Octob.
1011 633 1826 698 Nachdem seit einigen Tagen die Weinlese in den
979 692 1824 739 Gegenden von Noels, Vineuil, St. Claude und
975 737 1824 785 Huisseaux den Anfang genommen hat, so werden die
975 778 1826 821 weißen Trauben sehr schön befunden. Der Preis
975 819 1820 864 der gemeinen Sorte ist 55 bis 60 Livres die Tonne,
979 856 1820 908 Die weiße Weine von St. Lic, welche besser sind,
975 903 1826 949 werden für 72 Livres verkauft. Man rechnet, daß
975 942 1820 990 ein Arpent 7 bis 8 Stück ausliefere; jedoch die
979 981 1820 1029 Grosnoirs, die von einer vortreflichen Qualität sind,
975 1027 1826 1074 liefern nur 3 bis 4 Stücke. Hingegen bekommt man
966 1070 1818 1113 von dem Gewächs in Sologne 10 bis 12 Stücke vom
973 1111 1831 1158 Arpent. Die Trauben sind sehr reif, und verspre¬
970 1143 1826 1204 chen mithin den herrlichsten weißen Wein. Der Au¬
966 1184 1818 1260 vernat, oder der allerbeste rothe Wein ist nicht unter
962 1230 1556 1282 200 Livres die Tonne zu bekommen.
1122 1266 1681 1325 Copenhagen, den 19. Octob.
1014 1297 1824 1364 Mit dem Verkauf der Waaren unserer asiatischen
975 1357 1820 1400 Compagnie ist es zeithero sehr wohl gegangen. Der
979 1403 1820 1452 Thee und das Porcellain haben dieses Jahr mehr
966 1435 1820 1485 als voriges Jahr gegolten, und ein Theil der
966 1483 1818 1532 Dammaste ist das Stück zu 54 Reichsthaler verkauft
966 1528 1818 1573 worden. Ueberhaupt sind viele Commissionen aus
970 1567 1822 1617 der Fremde eingegangen, daher denn die Preise der
970 1610 1563 1664 Waaren dabey haben steigen müssen.
1130 1640 1668 1712 Stockholm, den 19. Octob.
1007 1684 1820 1738 Unter andern Angelegenheiten, welche auf dem be¬
968 1735 1822 1785 vorstehenden Reichstage in Ueberlegung kommen wer¬
973 1777 1809 1822 den, wird keine der geringsten seyn, dem seit letzten
104 1815 1820 1863 und das Wasser voller Fische von allerley Arten. Die Kriege gehabten hohen Wechselcours abzuhelfen. Da
973 1852 1818 1908 Ihro Maj. die Kaiserin Königin, die Schwedischen
966 1902 1818 1952 Häringe als solche, die leicht verdürben und der Ge¬
973 1943 1820 1995 sundheit schädlich wären, in den Niederlanden haben
964 1984 1818 2034 verbieten lassen, so vernimmt man, daß unser Am¬
962 2023 1818 2077 bassadeur zu Wien, der Graf Bark, Befehl erhalten
962 2068 1705 2131 werde, Vorstellungen deswegen allda zu thun.
1130 2109 1653 2157 Petersburg, den 2. Octob.
1005 2142 1818 2198 Unter der Direction des Hrn. Locatelli werden hier
962 2189 1815 2259 nun die öffentlichen Maskeraden wieder ihren Anfang
960 2233 1781 2295 nehmen, und alle Donnerstage fortgesetzet werden.
1158 2269 1621 2319 Warschau, den 1. Nov.
1005 2300 1820 2367 Am verwichenen Freytage gab der hier befindliche
957 2358 1815 2421 Königl. Preuß. Gesandte zu Wola an Sr. Königl.
1707 2401 1811 2472 Maj.
