2479 3508
221 308 238 368 —
289 308 306 368 —
363 306 441 366 Nun
470 305 526 365 sind
555 302 600 362 die
623 300 752 360 Sorgen
787 297 877 357 fort-

922 297 1020 357 Herr
1039 297 1174 357 Wirth,

704 348 946 408 Champagner
976 345 1033 405 her

159 410 352 470 Vertrinken
391 404 465 464 will
484 401 527 461 ich
560 397 640 457 sie-

703 398 798 458 Noch
837 398 1078 458 eins=Gebt
1113 395 1173 455 im¬

702 448 771 508 mer
803 446 920 506 mehr!
942 446 957 506 ¬

168 508 224 568 Ich
258 502 337 562 habe
355 498 451 558 lange
474 497 558 557 gnug
582 498 660 558 mein
695 497 763 557 Leid
792 497 814 557 in
842 499 916 559 mich
945 496 1086 556 gefressen
1121 489 1137 549 -

161 557 241 617 Nun
277 551 432 611 Laura,
462 547 526 607 lebe
556 548 671 608 wohl!
700 548 792 608 Jetzt
822 546 880 606 hab
915 548 955 608 ich
997 548 1060 608 dich
1101 548 1170 608 ver¬

691 597 833 657 gessen!

396 757 600 817 Berlin,
641 757 691 817 den
732 760 794 820 18.
829 760 919 820 Dec.

208 822 252 882 Am
298 819 508 879 Sonnabend
537 819 746 879 Vormittage
775 819 905 879 langten
940 820 1035 880 Ihro
1070 819 1166 879 Maj.

159 873 212 933 der
234 867 339 927 König
366 867 429 927 mit
451 867 535 927 einem
578 867 794 927 ansehnlichen
821 869 964 929 Gefolge
986 868 1043 928 von
1065 869 1170 929 Prin¬

162 924 209 984 zen
241 918 299 978 und
326 913 458 973 Großen
490 913 543 973 des
570 915 692 975 Landes
719 915 776 975 aus
798 918 946 978 Potsdam
989 918 1100 978 allhier
1116 919 1174 979 an,

1014 969 1056 1029 An
1089 968 1158 1028 eben

160 969 221 1029 und
249 966 376 1026 besahen
410 966 459 1026 die
476 966 615 1026 Königl.
626 968 959 1028 Porcellainfabrike.

152 1019 205 1079 dem
243 1010 333 1070 Tage
354 1013 402 1073 des
435 1016 652 1076 Vormittags
680 1014 738 1074 sind
770 1016 823 1076 des
850 1018 983 1078 wirklich
1010 1016 1175 1076 Geheim¬

159 1070 201 1130 ten
234 1064 371 1124 Etaats=
388 1066 446 1126 und
479 1064 792 1124 Kriegesministers
819 1064 877 1124 wie
899 1067 973 1127 auch
1000 1064 1085 1124 Chef
1117 1066 1164 1126 des

156 1118 334 1178 geistlichen
362 1115 421 1175 und
448 1112 675 1172 akademischen
714 1115 995 1175 Departements,
1017 1118 1104 1178 Carl
1115 1118 1169 1178 Lu¬

158 1167 228 1227 dolf
248 1166 303 1226 von
335 1163 567 1223 Dankelmann
598 1160 678 1220 Exc.
704 1162 774 1222 nach
810 1166 896 1226 einer
927 1167 1159 1227 langwierigen

153 1213 359 1273 Krankheit,
387 1210 425 1270 am
476 1207 705 1267 Schlagflusse
739 1210 766 1270 im
816 1213 927 1273 66sten
967 1216 1061 1276 Jahr
1095 1216 1167 1276 dero

154 1263 356 1323 ruhmvollen
392 1259 505 1319 Alters
529 1260 588 1320 mit
613 1260 702 1320 Tode
726 1261 951 1321 abgegangen.

208 1334 432 1394 Freudenthal
451 1330 480 1390 in
504 1330 734 1390 Oberschlesien
765 1335 794 1395 an
824 1336 877 1396 der
901 1339 1108 1399 Mährischen

433 1381 584 1441 Grenze,
610 1382 667 1442 vom
710 1384 772 1444 12.
788 1384 892 1444 Nov.

208 1443 363 1503 Gestern,
387 1440 519 1500 Nachts
543 1440 634 1500 gegen
664 1440 733 1500 halb
763 1440 803 1500 11
826 1443 912 1503 Uhr,
942 1443 976 1503 ist
994 1443 1109 1503 allhier
1127 1440 1167 1500 ei¬

152 1494 191 1554 ne
212 1494 237 1554 so
263 1490 434 1550 grausame
459 1491 519 1551 und
545 1491 691 1551 wütende
712 1491 963 1551 Feuersbrunst,
989 1492 1059 1552 man
1085 1489 1155 1549 weiß

152 1542 239 1602 nicht
261 1539 317 1599 wie
344 1539 545 1599 entstanden,
572 1541 628 1601 daß
666 1539 712 1599 die
744 1541 841 1601 ganze
878 1542 987 1602 Stadt
1024 1541 1070 1601 bis
1107 1541 1163 1601 auf

159 1593 193 1653 26
224 1590 319 1650 kleine
345 1590 470 1650 Häuser
496 1590 530 1650 an
561 1590 611 1650 der
632 1590 877 1650 Stadtmauer,
903 1590 928 1650 in
964 1590 1033 1650 Zeit
1054 1587 1109 1647 von
1140 1588 1154 1648 2

156 1642 314 1702 Stunden
341 1640 367 1700 in
399 1639 478 1699 volle
500 1640 663 1700 Flammen
685 1640 859 1700 gerathen,
886 1638 943 1698 und
965 1637 991 1697 in
1018 1634 1028 1694 5
1049 1637 1165 1697 Stun=

156 1690 209 1750 den
241 1691 267 1751 in
305 1691 389 1751 einen
432 1691 565 1751 Stein=
592 1692 649 1752 und
687 1691 926 1751 Aschenhaufen
963 1691 1170 1751 verwandelt

159 1743 303 1803 worden,
326 1742 454 1802 hierbey
482 1742 521 1802 ist
539 1744 588 1804 die
616 1745 834 1805 Pfarrkirche
863 1745 923 1805 mit
946 1742 996 1802 dem
1047 1742 1169 1802 Pfarr¬

152 1791 207 1851 hof
228 1788 298 1848 oder
324 1787 536 1847 Dechantey,
557 1790 607 1850 die
633 1790 764 1850 Schul,
790 1792 845 1852 das
876 1793 1063 1853 Rathhauß
1099 1793 1154 1853 und

157 1835 349 1895 sogenannte
379 1831 580 1891 Herrnhaus
625 1831 715 1891 nebst
741 1831 817 1891 allem
866 1831 1053 1891 Getreyde,
1078 1831 1169 1891 Vor¬

158 1884 224 1944 rath
256 1884 312 1944 und
339 1882 680 1942 Hausnothdürften,
701 1879 726 1939 ja
753 1879 846 1939 sogar
867 1879 959 1939 auch,
980 1877 1047 1937 was
1084 1879 1156 1939 man

158 1936 178 1996 in
209 1933 255 1993 die
282 1933 390 1993 Keller
406 1930 462 1990 zur
484 1932 674 1992 Sicherheit
691 1930 835 1990 gebracht
856 1929 959 1989 hatte,
970 1927 1161 1987 verbrannt.

159 1984 236 2044 Auch
267 1981 313 2041 die
334 1980 576 2040 Jägerndorfer
602 1981 756 2041 Vorstadt
773 1978 875 2038 bliebe
891 1979 973 2039 nicht
989 1978 1164 2038 verschont.

158 2031 249 2091 indem
288 2028 417 2088 daselbst
445 2025 476 2085 16
515 2028 611 2088 große
645 2028 801 2088 Bürger=
817 2028 876 2088 und
909 2027 1163 2087 Wirthschafts¬

153 2081 228 2141 höfe
250 2079 271 2139 im
310 2078 418 2138 Rauch
446 2078 695 2138 aufgegangen.
766 2078 848 2138 Den
876 2079 1162 2139 Bürgermeister,

153 2131 260 2191 Herrn
293 2127 401 2187 Franz
423 2127 601 2187 Schilder,
624 2127 683 2187 hat
710 2127 791 2187 seine
824 2130 953 2190 eigene,
992 2129 1078 2189 durch
1111 2129 1154 2189 die

160 2181 251 2241 Glut
273 2175 477 2235 eingefallene
505 2175 720 2235 Feuermauer
748 2180 952 2240 verschüttet,
975 2181 1022 2241 so,
1045 2181 1098 2241 daß
1125 2176 1152 2236 er

153 2231 266 2291 annoch
294 2223 440 2283 desselben
468 2224 576 2284 Tages
604 2226 777 2286 verstorben
805 2229 859 2289 ist.
881 2229 1005 2289 Wegen
1028 2229 1076 2289 der
1093 2228 1163 2288 ent¬

156 2278 302 2338 setzlichen
329 2273 422 2333 Glut
439 2273 535 2333 haben
569 2273 628 2333 alle
655 2276 861 2336 Einwohner
895 2279 954 2339 nur
982 2279 1014 2339 zu
1053 2277 1133 2337 einem

161 2327 267 2387 Thore
302 2324 420 2384 hinaus
449 2321 595 2381 fliehen,
636 2324 697 2384 und
726 2324 782 2384 also
811 2324 884 2384 ihre
912 2329 1048 2389 Sachen
1094 2327 1155 2387 mit

153 2378 341 2438 weinenden
374 2373 476 2433 Augen
509 2372 671 2432 brennend
698 2375 827 2435 ansehen
855 2378 995 2438 müssen,
1017 2378 1092 2438 weil
1109 2376 1151 2436 die

157 2429 275 2489 andere
297 2423 405 2483 Thore
427 2423 448 2483 in
481 2423 648 2483 Flammen
676 2425 837 2485 gestanden
865 2426 951 2486 sind;
978 2427 1032 2487 der
1054 2426 1156 2486 Jam¬

159 2475 227 2535 mer
249 2471 344 2531 dieser
366 2470 624 2530 Verunglückten
657 2470 693 2530 ist
715 2473 794 2533 nicht
821 2475 878 2535 mit
905 2475 958 2535 der
985 2476 1085 2536 Feder
1112 2475 1143 2535 zu

148 2521 363 2581 beschreiben.
414 2518 485 2578 Die
508 2521 624 2581 Kirche
646 2521 723 2581 liegt
746 2524 807 2584 mit
829 2524 906 2584 allen
940 2521 1028 2581 ihren
1062 2521 1150 2581 Ältä¬

147 2575 223 2635 ren,
250 2570 483 2630 Gemählden,
510 2569 645 2629 heiligen
673 2575 867 2635 Reliquien,
895 2575 1057 2635 worunter
1074 2572 1138 2632 auch

153 2626 198 2686 die
233 2622 380 2682 Gebeine
415 2620 465 2680 der
501 2618 597 2678 Heil.
620 2621 836 2681 Constantiä,
860 2626 1001 2686 gänzlich
1036 2624 1064 2684 in
1099 2622 1149 2682 der

155 2672 290 2732 Aschen.
336 2668 426 2728 Eben
460 2667 550 2727 heute
579 2667 669 2727 hätte
698 2670 810 2730 allhier
845 2673 1048 2733 Jahrmarkt
1077 2672 1144 2732 seyn

158 2724 273 2784 sollen:
302 2718 357 2778 der
380 2716 478 2776 Platz
502 2715 540 2775 ist
563 2715 679 2775 dahero
712 2718 811 2778 voller
846 2724 967 2784 Hütten
1001 2724 1161 2784 gewesen,

157 2776 300 2836 wodurch
323 2769 372 2829 die
389 2766 477 2826 Glut
501 2766 699 2826 vergrößert,
727 2768 782 2828 und
810 2772 866 2832 das
894 2772 948 2832 auf
966 2775 1015 2835 dem
1060 2775 1153 2835 Platz

151 2826 352 2886 kümmerlich
382 2817 589 2877 Geflüchtete
608 2820 666 2880 von
697 2823 743 2883 dem
785 2825 885 2885 Feuer
910 2828 1057 2888 vollends
1088 2825 1152 2885 ver=

157 2884 263 2944 zehret
288 2873 411 2933 worden
448 2867 500 2927 ist.

1309 368 1365 428 So
1398 368 1474 428 sieht
1500 369 1571 429 man
1610 369 1660 429 oft
1680 369 1731 429 die
1764 372 1936 432 Menschen
1969 374 2128 434 handeln,

1259 443 1329 503 Sie
1354 443 1495 503 tauschen
1531 442 1590 502 nur
1626 443 1673 503 die
1703 443 1803 503 Laster
1833 444 1903 504 um,

1255 518 1321 578 Und
1355 518 1459 578 suchen
1499 516 1581 576 darin
1620 517 1675 577 gar
1709 518 1774 578 noch
1814 518 1946 578 Ruhm,

1253 591 1341 651 Eins
1377 592 1400 652 in
1436 589 1494 649 das
1530 592 1630 652 andre
1660 592 1689 652 zu
1725 592 1954 652 verwandeln!

1447 754 1685 814 Dresden,
1707 757 1760 817 den
1798 756 1834 816 4.
1862 751 1951 811 Dec.

1261 804 1352 864 Ihro
1376 804 1520 864 Königl.
1544 802 1670 862 Hoheit
1700 803 1751 863 der
1781 801 2011 861 verwittweten
2047 801 2213 861 Churfür¬

1208 855 1281 915 stin,
1314 852 1415 912 dieser
1452 854 1569 914 grossen
1612 852 1776 912 Kennerin
1814 852 1872 912 und
1910 850 2112 910 Beförderin
2155 851 2207 911 der

1209 903 1467 963 Wissenschaften
1505 903 1562 963 und
1595 903 1732 963 Künste,
1759 903 1801 963 ist
1828 903 1880 963 von
1918 900 1964 960 dem
2007 900 2202 960 Uhrmacher

1210 951 1237 1011 in
1265 954 1519 1014 Grossenhayn.
1547 951 1685 1011 Johann
1719 951 1856 1011 George
1879 949 2022 1009 Fischer,
2045 949 2111 1009 eine
2139 948 2194 1008 von

1211 1001 1257 1061 ihm
1304 1004 1490 1064 verfertigte
1522 1004 1589 1064 Uhr
1615 1001 1677 1061 von
1719 1001 1967 1061 nachfolgenden
2009 998 2200 1058 Qualitäten

1210 1052 1409 1112 überreichet
1431 1055 1587 1115 worden:
1609 1052 1689 1112 Das
1717 1052 1814 1112 Werk
1825 1052 1916 1112 gehet
1938 1049 1949 1109 8
1971 1049 2073 1109 Tage,
2090 1049 2208 1109 schlägt

1209 1100 1269 1160 und
1305 1103 1466 1163 repetiret
1497 1103 1628 1163 Viertel
1659 1103 1719 1163 und
1761 1100 1942 1160 Stunden,
1968 1100 2028 1160 und
2054 1099 2139 1159 zwar
2160 1096 2210 1156 die

1208 1151 1338 1211 Viertel
1359 1154 1414 1214 auf
1434 1151 1449 1211 3
1475 1153 1707 1213 verschiedenen
1738 1151 1899 1211 Glocken,
1925 1148 1985 1208 und
2016 1147 2061 1207 die
2092 1145 2207 1205 Stun¬

1208 1201 1260 1261 den
1289 1201 1346 1261 auf
1366 1201 1417 1261 der
1442 1199 1581 1259 vierten,
1615 1200 1725 1260 welche
1754 1198 1930 1258 zusammen
1965 1196 2050 1256 einen
2084 1196 2198 1256 Accord

1207 1249 1355 1309 machen.
1403 1249 1524 1309 Hiebey
1551 1249 1689 1309 befindet
1721 1246 1768 1306 sich
1800 1245 1842 1305 ein
1880 1245 2107 1305 Harfenspiel,
2134 1242 2213 1302 wel¬

1204 1297 1273 1357 ches
1299 1297 1389 1357 sieben
1420 1297 1560 1357 Stücke,
1580 1297 1640 1357 alle
1661 1297 1751 1357 Tage
1772 1296 1816 1356 ein
1842 1291 1997 1351 anderes,
2033 1291 2093 1351 und
2113 1291 2198 1351 jedes

1204 1346 1241 1406 24
1273 1346 1426 1406 Stunden
1459 1348 1553 1408 lang,
1580 1348 1633 1408 von
1665 1345 1712 1405 sich
1734 1345 1823 1405 selbst
1845 1342 1966 1402 spielet.
1993 1339 2067 1399 Des
2089 1342 2210 1402 Sonn¬

1204 1393 1346 1453 abends,
1374 1396 1400 1456 in
1432 1396 1479 1456 der
1496 1396 1601 1456 Nacht
1623 1395 1691 1455 nach
1719 1393 1755 1453 12
1788 1396 1872 1456 Uhr,
1889 1393 2010 1453 springt
2026 1390 2068 1450 die
2085 1390 2211 1450 meßin¬

1202 1443 1281 1503 gene
1302 1443 1434 1503 Walze,
1467 1443 1604 1503 worauf
1632 1443 1710 1503 diese
1732 1443 1742 1503 7
1769 1440 1891 1500 Stücke
1918 1440 1986 1500 nach
2013 1440 2060 1500 den
2093 1440 2198 1500 Noten

1202 1491 1315 1551 gesetzt
1332 1492 1412 1552 sind,
1440 1491 1525 1551 nebst
1548 1494 1596 1554 dem
1640 1494 1779 1554 Weiser,
1807 1491 1855 1551 der
1882 1488 1930 1548 die
1963 1488 2087 1548 Stücke
2109 1491 2206 1551 zeigt,

1211 1537 1258 1597 von
1290 1541 1337 1601 sich
1364 1542 1453 1602 selbst
1480 1542 1591 1602 wieder
1623 1542 1749 1602 zurück,
1786 1539 1849 1599 und
1887 1536 1944 1596 das
1977 1536 2076 1596 Werk
2103 1539 2203 1599 fängt

1203 1587 1316 1647 wieder
1341 1590 1400 1650 von
1430 1590 1528 1650 vorne
1548 1592 1582 1652 an
1612 1593 1641 1653 zu
1671 1590 1804 1650 spielen,
1829 1590 1887 1650 und
1913 1590 2025 1650 gehet,
2055 1587 2119 1647 wie
2144 1590 2198 1650 das

1202 1637 1359 1697 Uhrwerk
1381 1640 1489 1700 selbst,
1512 1642 1527 1702 8
1555 1642 1647 1702 Tage
1669 1640 1750 1700 ohne
1772 1640 1967 1700 aufgezogen
2000 1637 2027 1697 zu
2060 1637 2206 1697 werden.

1206 1690 1273 1750 Auf
1297 1688 1347 1748 dem
1388 1691 1587 1751 Zifferblatte
1610 1691 1803 1751 präsentiret
1827 1689 1871 1749 sich
1896 1688 1952 1748 auf
1981 1688 2066 1748 einer
2089 1688 2202 1748 blauen

1212 1742 1382 1802 stählernen
1421 1742 1563 1802 Scheibe
1591 1745 1640 1805 der
1663 1745 1717 1805 ab=
1745 1745 1805 1805 und
1839 1742 2052 1802 zunehmende
2086 1739 2190 1799 Mond

1208 1792 1292 1852 nebst
1314 1793 1366 1853 den
1394 1793 1568 1853 Sternen.
1617 1795 1706 1855 Oben
1739 1793 1770 1853 an
1803 1793 1850 1853 der
1871 1791 1951 1851 Ecke
1967 1790 2078 1850 rechter
2095 1793 2211 1853 Hand,

1201 1829 1238 1889 ist
1262 1834 1303 1894 ein
1336 1834 1485 1894 kleineres
1514 1837 1718 1897 Zifferblatt,
1742 1837 1830 1897 nebst
1854 1837 1938 1897 einem
1985 1837 2125 1897 Weiser,
2148 1840 2199 1900 der

1201 1876 1255 1936 das
1285 1879 1428 1939 Spielen
1453 1882 1512 1942 und
1537 1882 1753 1942 Nichtspielen
1789 1882 1971 1942 anmerket.

2003 1884 2094 1944 An
2122 1888 2193 1948 eben

1197 1927 1289 1987 dieser
1316 1929 1430 1989 Seite,
1456 1930 1570 1990 unten,
1597 1933 1632 1993 ist
1654 1933 1695 1993 ein
1727 1931 1913 1991 dergleichen
1950 1933 2105 1993 kleineres
2137 1936 2204 1996 Zif¬

1202 1978 1351 2038 ferblatt,
1377 1979 1443 2039 mit
1470 1980 1557 2040 einem
1604 1979 1748 2039 Weiser,
1779 1981 1907 2041 welcher
1939 1983 2026 2043 jeden
2063 1983 2129 2043 Tag
2166 1985 2191 2045 in

1199 2028 1250 2088 der
1271 2028 1410 2088 Woche,
1437 2025 1530 2085 nebst
1551 2031 1597 2091 den
1628 2029 1721 2089 sieben
1758 2031 1923 2091 Planeten
1954 2031 2099 2091 anzeigt.

1472 2076 1556 2136 (Der
1580 2081 1738 2141 Beschluß
1769 2079 1926 2139 künftig.)

1293 2127 1531 2187 Frankfurt
1558 2127 1600 2187 am
1648 2130 1817 2190 Mayn,
1850 2130 1908 2190 vom
1956 2130 1993 2190 2.
2014 2127 2104 2187 Dec.

1248 2174 1330 2234 Was
1357 2175 1408 2235 bey
1434 2178 1516 2238 einem
1558 2178 1656 2238 zarten
1688 2181 1775 2241 Alter
1802 2178 1842 2238 die
1869 2181 1972 2241 Kunst
1993 2178 2049 2238 nur
2081 2180 2199 2240 immer

1199 2226 1586 2286 bewundernswürdiges
1611 2230 1727 2290 wirken
1758 2229 1863 2289 kann,
1884 2230 1944 2290 und
1969 2229 2024 2289 wie
2050 2229 2190 2289 glücklich

1199 2275 1312 2335 selbige
1333 2274 1384 2334 den
1410 2276 1611 2336 angebornen
1642 2279 1832 2339 Neigungen
1864 2279 1910 2339 der
1936 2279 2049 2339 Natur
2070 2277 2101 2337 zu
2127 2277 2204 2337 stat¬

1193 2324 1237 2384 ten
1268 2324 1413 2384 komme,
1434 2327 1534 2387 haben
1565 2327 1620 2387 wir
1651 2330 1887 2390 ohnlängstens
1923 2328 1953 2388 an
1988 2327 2073 2387 einem
2114 2327 2199 2387 Kin¬

1199 2372 1229 2432 de
1256 2374 1312 2434 von
1349 2373 1385 2433 10
1421 2378 1545 2438 Jahren
1577 2380 1639 2440 und
1675 2378 1690 2438 2
1717 2379 1908 2439 Monaten,
1935 2377 2090 2437 Namens
2116 2375 2203 2435 Ma¬

1197 2422 1239 2482 ria
1278 2423 1489 2483 Magdalena
1522 2429 1645 2489 Gråf,
1673 2428 1733 2488 von
1771 2426 1900 2486 Maynz
1928 2423 2101 2483 gebürtig,
2134 2426 2198 2486 mit

1193 2470 1265 2530 eben
1302 2470 1327 2530 so
1364 2475 1462 2535 vielem
1509 2479 1711 2539 Vergnügen
1753 2476 1810 2536 und
1842 2471 2023 2531 Erstaunen
2054 2473 2204 2533 wahrge¬

1192 2521 1363 2581 nommen.
1431 2521 1480 2581 Es
1509 2527 1619 2587 führte
1648 2527 1780 2587 selbiges
1815 2522 1875 2582 mit
1898 2521 2009 2581 großem
2054 2521 2197 2581 Beyfall

1193 2571 1277 2631 einer
1309 2570 1410 2630 hohen
1442 2575 1600 2635 Noblesse
1628 2577 1686 2637 und
1723 2572 1855 2632 anderer
1888 2569 2184 2629 Musikliebhabern

1190 2620 1315 2680 zweyen
1340 2623 1440 2683 malen
1471 2626 1516 2686 ein
1542 2628 1682 2688 Concert
1703 2625 1778 2685 auf,
1804 2622 1863 2682 und
1894 2623 2019 2683 spielete
2050 2622 2110 2682 mit
2135 2623 2195 2683 un¬

1195 2670 1354 2730 gemeiner
1385 2676 1591 2736 Fertigkeit:
1644 2673 1689 2733 1)
1716 2671 1912 2731 verschiedne
1943 2670 2097 2730 Concerte
2123 2670 2179 2730 von

1192 2721 1305 2781 großen
1343 2724 1499 2784 Meistern
1532 2726 1585 2786 auf
1613 2724 1661 2784 dem
1706 2718 1797 2778 Clavi
1825 2718 2013 2778 Cembalo;
2057 2721 2105 2781 2)
2138 2723 2191 2783 auf

1190 2769 1238 2829 der
1261 2769 1390 2829 Harfe;
1418 2774 1488 2834 eben
1516 2778 1559 2838 so,
1597 2773 1640 2833 3)
1663 2772 1717 2832 auf
1739 2772 1787 2832 dem
1831 2771 1923 2831 Clavi
1945 2769 2097 2829 Cembalo
2125 2770 2183 2830 und

1192 2817 1299 2877 Harfe
1327 2825 1489 2885 zugleich,
1517 2821 1647 2881 welches
1680 2820 1744 2880 eine
1777 2820 1886 2880 eigene
1913 2820 2097 2880 Erfindung
2125 2818 2183 2878 von

1189 2871 1238 2931 ihr
1269 2872 1355 2932 selbst
1387 2879 1449 2939 ist;
1505 2880 1554 2940 4)
1579 2873 1845 2933 accompagnirte
1876 2873 1913 2933 sie
1932 2870 2006 2930 nach
2038 2870 2093 2930 der
2112 2868 2198 2928 Vio¬

2128 2924 2174 2984 lin
