2479 3508
177 318 277 378 corum
317 316 422 376 libtos
445 309 607 369 numquam
652 300 785 360 legisse,
815 300 948 360 neque,
971 300 998 360 si
1016 300 1121 360 legere
1144 297 1199 357 vo¬

180 366 299 426 luerit,
329 362 471 422 vmquam
525 354 715 414 intelligere
751 351 911 411 potuisse.
983 351 1084 411 Kann
1120 351 1191 411 man

178 416 270 476 wohl
289 415 359 475 noch
388 407 440 467 dem
482 404 581 464 Verf.
599 401 698 461 schuld
728 401 844 461 geben,
874 401 926 461 daß
956 401 984 461 er
1008 398 1055 458 die
1079 399 1206 459 Wahr¬

185 469 255 529 heit
280 464 361 524 nicht
386 455 573 515 unverstellt
603 452 850 512 heraussagte?
892 452 962 512 Und
992 452 1080 512 sollte
1116 452 1186 512 man

409 611 649 671 Dresden,
671 616 725 676 den
768 616 832 676 22.
859 616 960 676 Nov.

228 663 300 723 Der
328 664 595 724 Hofuhrmacher
624 664 740 724 Bauer
768 664 824 724 aus
853 667 974 727 Leipzig
1003 667 1058 727 hat
1075 664 1191 724 allhier

188 714 274 774 Ihro
302 715 448 775 Königl.
465 712 627 772 Hoheiten
655 712 725 772 eine
753 714 872 774 goldne
900 716 969 776 Uhr
1003 715 1057 775 von
1095 715 1192 775 neuer

181 766 390 826 Erfindung,
418 762 478 822 und
501 761 611 821 wovon
645 763 711 823 noch
744 764 805 824 kein
838 766 948 826 Stück
977 766 1004 826 in
1037 766 1186 826 Sächsen

184 814 325 874 gemacht
352 810 476 870 worden
515 810 569 870 ist,
591 813 802 873 einzureichen
841 813 895 873 das
928 815 1036 875 Glück
1064 813 1198 873 gehabt.

180 863 283 923 Diese
310 861 408 921 kleine
436 861 642 921 Taschenuhr
665 861 768 921 zeiget
790 864 947 924 Minuten
975 864 1034 924 und
1062 864 1197 924 Secun¬

184 914 259 974 den,
287 910 395 970 weiset
417 911 487 971 auch
521 911 564 971 die
586 912 813 972 Monatstage
841 915 900 975 und
928 915 1025 975 stehet
1053 915 1194 975 niemals

179 963 275 1023 stille,
305 961 396 1021 wann
425 963 459 1023 sie
483 963 682 1023 aufgezogen
706 963 803 1023 wird,
832 963 905 1023 weil
924 966 957 1026 sie
981 964 1043 1024 zwo
1073 965 1186 1025 Federn

178 1013 234 1073 und
263 1013 324 1073 zwo
354 1013 466 1073 Ketten
495 1015 563 1075 hat.
603 1013 676 1073 Den
718 1013 853 1073 höchsten
882 1013 1103 1073 Herrschaften
1138 1013 1188 1073 hat

177 1064 279 1124 dieses
302 1064 415 1124 Stück
439 1064 558 1124 Arbeit
575 1063 603 1123 zu
637 1064 813 1124 besonderm
853 1066 1006 1126 gnädigen
1042 1064 1199 1124 Wohlge¬

179 1118 269 1178 fallen
315 1115 458 1175 gereicht
498 1114 560 1174 und
596 1112 646 1172 der
675 1112 835 1172 Künstler
864 1114 903 1174 ist
932 1115 1114 1175 ansehnlich
1143 1115 1199 1175 be¬

178 1166 318 1226 schenket
340 1165 402 1225 und
429 1160 585 1220 belohnet
607 1157 753 1217 worden.

411 1210 643 1270 Münchén,
678 1207 734 1267 den
769 1207 830 1267 18.
860 1210 961 1270 Nov.

225 1252 421 1312 Vorgestern
449 1255 546 1315 frühe
568 1255 607 1315 ist
629 1255 666 1315 ein
700 1255 836 1315 Courier
864 1258 917 1318 von
951 1255 1043 1315 Wien
1071 1258 1185 1318 allhier

175 1306 374 1366 angelangt,
397 1303 530 1363 welcher
552 1303 608 1363 dem
647 1303 679 1363 an
708 1303 840 1363 hiesigen
880 1308 1091 1368 Churfürstl.
1108 1306 1196 1366 Hof¬

175 1354 267 1414 lager
300 1351 446 1411 Kaiserl.
479 1351 625 1411 Königl.
664 1354 967 1414 gevollmächtigten
1011 1351 1195 1411 Minister,

176 1404 281 1464 Herrn
313 1401 440 1461 Grafen
472 1399 525 1459 von
557 1400 784 1460 Lichtenstein,
805 1401 858 1461 die
880 1402 937 1462 von
964 1402 1080 1462 beyden
1113 1401 1191 1461 Kai¬

175 1452 248 1512 serl.
272 1449 413 1509 Königl.
430 1449 629 1509 Majestäten
658 1449 691 1509 an
714 1449 804 1509 Ihro
828 1449 1032 1509 Churfürstl.
1044 1449 1190 1509 Durchl.

170 1507 201 1567 zu
234 1500 355 1560 Baiern
383 1499 563 1559 abgelaßne
595 1497 1020 1557 Anwerbungsschreiben,
1042 1496 1095 1556 für
1133 1496 1180 1556 des

177 1550 365 1610 Römischen
398 1548 527 1608 Königs
555 1548 651 1608 Maj.
668 1548 728 1608 und
766 1547 814 1607 der
847 1548 998 1608 Kaiserl.
1026 1542 1192 1602 Churbai¬

172 1599 290 1659 rischen
330 1596 516 1656 Prinzeßin
562 1597 714 1657 Josepha
748 1596 900 1656 Hoheit,
946 1596 1036 1656 nebst
1082 1596 1166 1656 einem

172 1649 354 1709 Schreiben
388 1647 438 1707 des
466 1649 659 1709 Römischen
688 1646 815 1706 Königs
843 1646 942 1706 Maj.
965 1646 997 1706 an
1020 1646 1191 1706 obgedach=

173 1700 201 1760 te
219 1702 405 1762 Prinzeßin
429 1700 661 1760 mitgebracht.
708 1697 783 1757 Der
807 1697 1004 1757 Kaiserliche
1028 1697 1189 1757 Minister

171 1754 263 1814 hatte
310 1751 480 1811 deswegen
533 1751 703 1811 besondere
750 1751 977 1811 Audienzen,
1014 1750 1184 1810 worinnen

168 1796 202 1856 er
228 1796 374 1856 gedachte
408 1793 592 1853 Schreiben
623 1793 837 1853 überreichte,
859 1793 991 1853 worauf
1013 1796 1112 1856 grosse
1129 1793 1197 1853 Ga¬

177 1843 198 1903 la
225 1843 371 1903 gehalten
404 1840 463 1900 und
501 1838 685 1898 jedermann
723 1837 777 1897 zum
832 1837 1016 1897 Handkusse
1049 1837 1183 1897 gelassen

172 1894 308 1954 wurde.

426 1936 611 1996 Aurich,
635 1938 687 1998 den
728 1935 786 1995 26.
815 1936 919 1996 Nov.

219 1987 291 2047 Die
319 1987 436 2047 Super
459 1987 575 2047 cargos
609 1985 658 2045 des
687 1987 737 2047 den
771 1987 859 2047 18ten
894 1986 982 2046 Aug.
1005 1987 1116 2047 1756.
1139 1986 1171 2046 am

174 2040 337 2100 Ausflusse
364 2034 411 2094 des
438 2034 580 2094 Ganges
602 2037 838 2097 verunglückten
876 2033 923 2093 der
944 2034 1176 2094 Bengalischen

172 2087 380 2147 Compagnie
415 2082 477 2142 von
517 2084 641 2144 Emden
682 2088 856 2148 gehörigen
897 2084 1094 2144 Schiffes:
1129 2087 1185 2147 der

176 2142 285 2202 Prinz
308 2134 446 2194 Henrich
475 2130 536 2190 von
564 2136 746 2196 Preussen,
770 2138 830 2198 sind
869 2135 925 2195 des
958 2136 1185 2196 Verbrechens

172 2192 225 2252 der
253 2184 458 2244 Betrügerey
486 2181 507 2241 in
540 2184 790 2244 Gemeinschaft
812 2184 865 2244 des
893 2187 1098 2247 verstorbnen
1132 2189 1190 2249 Ca¬

172 2240 296 2300 pitains
320 2236 376 2296 mit
405 2231 456 2291 den
485 2230 616 2290 Gütern
645 2234 860 2294 überführet,
883 2236 974 2296 durch
1003 2237 1190 2297 Ausspruch

176 2291 221 2351 der
251 2287 436 2347 Regierung
465 2280 523 2340 zur
547 2280 714 2340 Ersetzung
744 2282 818 2342 aller
842 2285 993 2345 Schäden
1028 2288 1085 2348 und
1121 2288 1189 2348 In¬

175 2336 322 2396 teressen,
349 2334 397 2394 die
424 2333 492 2393 eine
514 2330 714 2390 ansehnliche
741 2334 889 2394 Summe
916 2336 1085 2396 betragen,
1123 2336 1191 2396 ver¬

174 2387 317 2447 urtheilt
338 2382 486 2442 worden,
518 2379 581 2439 mit
603 2382 856 2442 Vorbehaltung
889 2384 941 2444 der
973 2384 1184 2444 Leibesstrafe

176 2435 230 2495 für
253 2435 308 2495 den
342 2432 435 2492 ersten
481 2428 608 2488 Super
636 2431 746 2491 Cargo
781 2435 925 2495 Johann
958 2435 1102 2495 Young,
1130 2434 1180 2494 den

169 2482 396 2542 schuldigsten,
423 2478 553 2538 welcher
586 2476 742 2536 derselben
780 2482 867 2542 durch
905 2481 953 2541 die
981 2479 1094 2539 Flucht
1121 2481 1191 2541 ent¬

169 2533 292 2593 gangen
329 2530 391 2590 ist,
422 2527 510 2587 wenn
552 2524 686 2584 derselbe
717 2532 835 2592 wieder
868 2530 1011 2590 ertappet
1049 2530 1172 2590 werden

173 2581 265 2641 solte,
289 2581 352 2641 und
382 2578 473 2638 eines
503 2575 746 2635 zweyjährigen
782 2582 1018 2642 Gefängnisses
1048 2581 1100 2641 für
1124 2578 1175 2638 den

172 2629 302 2689 zweeten
348 2629 568 2689 Supercargo
603 2629 766 2689 Nicolaus
801 2635 925 2695 Joseph
965 2632 1078 2692 Tirion
1118 2628 1174 2688 von

174 2682 344 2742 Chanley.

421 2721 632 2781 Ostende,
655 2723 712 2783 den
741 2726 803 2786 12.
832 2730 928 2790 Nov.

221 2781 312 2841 Nach
338 2775 473 2835 Briefen
505 2773 560 2833 aus
585 2775 776 2835 Frankreich
795 2774 832 2834 ist
857 2778 888 2838 zu
919 2781 1005 2841 Caen
1031 2778 1073 2838 ein
1105 2778 1184 2838 Auf¬

169 2837 238 2897 lauf
262 2835 314 2895 des
344 2826 448 2886 Volks
484 2823 593 2883 wegen
624 2823 675 2883 der
717 2826 944 2886 Ausführung
979 2828 1031 2888 des
1067 2826 1183 2886 Korns

162 2888 325 2948 gewesen.
377 2879 458 2939 Das
484 2876 686 2936 Parlement
706 2876 737 2936 zu
763 2879 876 2939 Rouen
909 2879 965 2939 hat
991 2879 1104 2939 darauf
1130 2879 1173 2939 ein

1236 299 1320 359 nicht
1355 297 1394 357 ein
1434 300 1604 360 juckendes
1639 303 1826 363 Verlangen
1867 301 1997 361 fühlen,
2026 300 2116 360 mehr
2145 297 2241 357 solche

1239 349 1385 409 Urtheile
1408 348 1467 408 von
1495 348 1543 408 ihm
1582 348 1614 408 zu
1642 351 1772 411 hören?
1811 351 1930 411 Kostet
1953 353 1979 413 in
2007 351 2240 411 vorbemeldten

1236 401 1451 461 Kanterschen
1481 398 1748 458 Buchhandlung
1778 401 1789 461 1
1819 402 1853 462 fl.
1877 402 1888 462 6
1918 403 1969 463 gr.

1234 613 1366 673 scharfes
1395 613 1489 673 Arret
1512 613 1600 673 gegen
1628 613 1689 673 alle
1712 616 1772 676 und
1806 615 1872 675 jede
1901 613 2245 673 Zusammenkaufun¬

1228 668 1286 728 gen
1313 664 1473 724 ausgehen
1506 662 1622 722 lassen.

1436 712 1709 772 Stockholm,
1742 712 1801 772 vom
1852 712 1911 772 23.
1939 709 2036 769 Nov.

1275 754 1345 814 Die
1367 762 1616 822 Pommerschen
1644 760 1845 820 Landstände
1867 760 1980 820 sollen,
2008 757 2067 817 wie
2090 757 2160 817 man
2187 756 2247 816 hö¬

1229 810 1302 870 ret,
1324 810 1392 870 ihre
1424 810 1604 870 Gedanken
1647 810 1725 870 über
1758 810 1805 870 die
1837 810 1979 870 Mittel,
2002 807 2091 867 durch
2128 804 2239 864 welche

1228 861 1279 921 der
1306 860 1460 920 verfallne
1482 861 1715 921 Pommersche
1737 860 1871 920 Handel
1892 858 1927 918 am
1970 855 2135 915 leichtesten
2177 855 2239 915 und

1228 909 1486 969 geschwindesten
1512 912 1714 972 aufgeholfen
1745 909 1864 969 werden
1895 909 1998 969 kann,
2030 907 2086 967 zum
2133 903 2247 963 bevor¬

1235 960 1394 1020 stehenden
1420 963 1621 1023 Reichstage
1647 963 1822 1023 eingeben,
1849 958 1956 1018 damit
1978 957 2070 1017 solche
2101 955 2157 1015 von
2189 954 2235 1014 der

1228 1013 1393 1073 geheimen
1429 1013 1579 1073 Handel=
1605 1012 1665 1072 und
1696 1010 2108 1070 Manufacturdeputation
2144 1001 2244 1061 erwo¬

1228 1061 1315 1121 gen,
1352 1061 1413 1121 und
1449 1064 1527 1124 diese
1558 1064 1697 1124 darüber
1728 1063 1790 1123 mit
1811 1061 1898 1121 ihrem
1940 1058 2110 1118 Bedenken
2147 1055 2223 1115 beym

1232 1112 1577 1172 Secretenausschusse
1597 1112 1795 1172 einkommen
1830 1109 1928 1169 kann.
1987 1112 2076 1172 Man
2116 1106 2243 1166 vermu¬

1228 1160 1310 1220 thet,
1336 1160 1392 1220 daß
1419 1162 1464 1222 die
1491 1160 1702 1220 Abschaffung
1729 1160 1780 1220 der
1801 1160 1971 1220 Licenten,
1997 1157 2069 1217 oder
2090 1157 2136 1217 die
2157 1154 2244 1214 Ver¬

1220 1210 1418 1270 wandelung
1453 1207 1611 1267 derselben
1651 1206 1676 1266 in
1721 1207 1789 1267 eine
1820 1207 1948 1267 gewisse
1984 1204 2240 1264 Landesabgabe

1218 1256 1274 1316 das
1311 1258 1540 1318 Vornehmste
1578 1255 1634 1315 von
1676 1258 1848 1318 gedachten
1885 1252 2124 1312 Hülfsmitteln
2162 1253 2228 1313 seyn

1226 1306 1325 1366 wird.

1509 1350 1680 1410 Paris,
1712 1351 1765 1411 den
1804 1351 1867 1411 24.
1895 1351 1996 1411 Nov.

1278 1396 1346 1456 Von
1379 1399 1574 1459 Marvejols
1602 1402 1627 1462 in
1660 1402 1707 1462 der
1728 1399 1919 1459 Landschaft
1941 1396 2115 1456 Gevoldan
2153 1397 2231 1457 wird

1218 1446 1390 1506 gemeldet,
1416 1449 1476 1509 daß
1507 1449 1558 1509 sich
1594 1449 1624 1509 in
1660 1449 1710 1509 der
1742 1446 1878 1506 Gegend
1915 1446 1970 1506 von
2006 1446 2178 1506 Langogne
2204 1444 2229 1504 in

1221 1492 1272 1552 dem
1314 1494 1433 1554 Walde
1459 1497 1490 1557 de
1516 1497 1687 1557 Mercoire
1714 1495 1770 1555 seit
1792 1497 1911 1557 einigen
1943 1494 2077 1554 Wochen
2104 1494 2144 1554 ein
2171 1491 2238 1551 wil¬

1223 1542 1275 1602 des
1302 1545 1523 1605 unbekanntes
1550 1546 1656 1606 Thier
1678 1545 1756 1605 habe
1778 1548 1862 1608 sehen
1889 1545 1974 1605 lassen
2001 1542 2127 1602 welches
2149 1543 2227 1603 schon

1228 1593 1300 1653 über
1326 1593 1361 1653 20
1393 1596 1557 1656 Personen
1589 1596 1645 1656 und
1671 1596 1841 1656 besonders
1867 1593 1990 1653 Kinder
2012 1590 2238 1650 aufgefressen,

1226 1645 1252 1705 so
1275 1643 1328 1703 daß
1361 1642 1404 1702 die
1432 1646 1621 1706 Holzhauer
1643 1644 1729 1704 nicht
1757 1643 1843 1703 mehr
1865 1643 1891 1703 in
1920 1641 1973 1701 den
2006 1642 2103 1702 Wald
2131 1640 2228 1700 gehen

1227 1695 1354 1755 wollen.
1401 1697 1528 1757 Dieses
1557 1697 1655 1757 Thier
1679 1697 1713 1757 ist
1738 1697 1853 1757 grösser
1877 1694 1923 1754 als
1952 1691 1998 1751 ein
2028 1691 2137 1751 Wolf,
2149 1691 2236 1751 röth¬

1227 1748 1276 1808 lich
1310 1745 1365 1805 von
1393 1748 1498 1808 Farbe
1521 1748 1582 1808 mit
1605 1750 1687 1810 einem
1733 1748 1904 1808 schwarzen
1938 1743 2049 1803 Strich
2077 1745 2132 1805 auf
2161 1742 2215 1802 dem

1228 1796 1349 1856 Rücken
1381 1796 1440 1856 und
1472 1796 1529 1856 vor
1567 1797 1619 1857 der
1652 1798 1757 1858 Brust
1784 1798 1884 1858 grau.
1959 1793 2054 1853 Sein
2091 1793 2181 1853 Kopf
2202 1791 2239 1851 ist

1222 1837 1322 1897 groß,
1359 1837 1408 1897 der
1436 1837 1564 1897 Rachen
1592 1837 1673 1897 weis
1701 1840 1760 1900 und
1784 1840 1920 1900 schwarz
1943 1837 2007 1897 mit
2030 1840 2139 1900 starken
2172 1840 2231 1900 und

1224 1882 1357 1942 scharfen
1394 1882 1523 1942 Zähnen
1560 1885 1668 1945 besetzt
1700 1885 1756 1945 und
1788 1885 1823 1945 an
1861 1885 1912 1945 den
1949 1885 2062 1945 Tatzen
2104 1885 2160 1945 hat
2197 1887 2228 1947 es

1222 1934 1371 1994 Klauen.
1418 1935 1546 1995 Dabey
1573 1936 1670 1996 besitzt
1692 1936 1722 1996 es
1748 1936 1815 1996 eine
1846 1933 2140 1993 außerordentliche
2166 1933 2238 1993 Ge¬

1226 1984 1486 2044 schwindigkeit,
1513 1987 1576 2047 und
1614 1987 1683 2047 man
1721 1985 1800 2045 sieht
1828 1985 1859 2045 es
1891 1984 1917 2044 in
1956 1984 2061 2044 kurzer
2093 1984 2168 2044 Zeit
2195 1987 2226 2047 an

1223 2036 1343 2096 Orten,
1368 2034 1418 2094 die
1439 2034 1453 2094 3
1484 2034 1529 2094 bis
1555 2037 1569 2097 4
1600 2037 1725 2097 Meilen
1756 2033 1977 2093 voneinander
1997 2032 2123 2092 liegen.
2153 2030 2223 2090 Der

1223 2085 1392 2145 Schrecken
1426 2085 1452 2145 in
1486 2085 1534 2145 der
1562 2088 1714 2148 Provinz
1737 2087 1774 2147 ist
1797 2085 1987 2145 allgemein,
2015 2082 2086 2142 man
2114 2082 2168 2142 hat
2190 2083 2239 2143 öf¬

1226 2136 1370 2196 fentliche
1391 2136 1519 2196 Gebete
1541 2136 1752 2196 angestellet,
1779 2137 1840 2197 und
1872 2134 1928 2194 der
1965 2133 2130 2193 Marquis
2166 2133 2223 2193 von

1229 2187 1415 2247 Marangis
1442 2187 1499 2247 hat
1520 2190 1582 2250 400
1624 2189 1765 2249 Bauren
1796 2184 2019 2244 aufgeboten,
2046 2184 2087 2244 um
2134 2181 2233 2241 dieses

1224 2236 1322 2296 Thier
1345 2237 1372 2297 zu
1400 2234 1527 2294 tödten,
1549 2238 1587 2298 sie
1610 2238 1714 2298 haben
1737 2240 1786 2300 ihm
1831 2237 1902 2297 aber
1936 2237 2007 2297 noch
2047 2237 2134 2297 nicht
2157 2234 2234 2294 bey¬

1221 2285 1363 2345 kommen
1397 2283 1539 2343 können.

1431 2336 1710 2396 Versailles,
1739 2337 1789 2397 den
1829 2337 1890 2397 24.
1918 2336 2018 2396 Nov.

1273 2379 1346 2439 Der
1389 2385 1668 2445 Churbayerische
1711 2387 2006 2447 außerordentliche
2043 2380 2211 2440 Gesandte

1220 2430 1315 2490 Graf
1342 2429 1399 2489 von
1437 2432 1558 2492 Eyck,
1596 2437 1739 2497 empfing
1776 2435 1828 2495 den
1861 2435 1966 2495 21sten
2004 2429 2099 2489 dieses
2136 2429 2220 2489 einen

1223 2482 1355 2542 Courier
1377 2479 1434 2539 von
1477 2482 1577 2542 seinem
1620 2485 1730 2545 Hofe,
1757 2482 1889 2542 welcher
1921 2479 1974 2539 ihm
2022 2479 2074 2539 den
2101 2479 2228 2539 Befehl

1217 2529 1362 2589 brachte,
1388 2530 1499 2590 unserm
1540 2535 1742 2595 Monarchen
1772 2529 1817 2589 die
1843 2527 1989 2587 zwischen
2020 2527 2070 2587 dem
2121 2527 2226 2587 Röm.

1217 2578 1324 2638 König
1353 2578 1410 2638 und
1439 2580 1489 2640 der
1512 2583 1699 2643 Prinzessin
1728 2578 1898 2638 Josepha,
1927 2580 1977 2640 des
2006 2575 2215 2635 Churfürsten

1217 2629 1406 2689 Schwester
1438 2632 1643 2692 geschlossene
1676 2629 1907 2689 Vermählung
1950 2629 1981 2689 zu
2023 2629 2223 2689 notificiren.

1216 2673 1290 2733 Se.
1317 2679 1487 2739 Majestät
1509 2682 1673 2742 ertheilten
1701 2677 1865 2737 gedachtem
1909 2674 2095 2734 Gesandten
2132 2674 2233 2734 sofort

1217 2724 1283 2784 eine
1311 2730 1598 2790 Privataudienz,
1615 2730 1714 2790 wobey
1742 2727 1775 2787 er
1797 2729 1869 2789 denn
1902 2730 1979 2790 seine
2007 2727 2217 2787 Commission

1215 2776 1359 2836 ablegte.

1437 2829 1636 2889 London,
1674 2826 1733 2886 vom
1793 2827 1857 2887 16.
1890 2826 1992 2886 Nov.

1265 2875 1347 2935 Was
1372 2879 1483 2939 unsere
1507 2880 1619 2940 innere
1655 2876 1843 2936 Partheyen
1879 2879 2003 2939 betrift,
2027 2878 2056 2938 so
2086 2876 2221 2936 scheinet
