2479 3508
568 1193 694 1253 78tes
734 1193 899 1253 Stück.
979 1193 1216 1253 Montag,
1257 1190 1327 1250 den
1375 1191 1461 1251 29.
1494 1190 1682 1250 October
1723 1190 1872 1250 1764.

311 1269 471 1329 Beschluß
501 1269 548 1329 des
572 1266 643 1326 letzt
662 1264 899 1324 abgebrochnen
929 1264 1088 1324 Artikels.

253 1324 318 1384 Jer
341 1318 567 1378 Eigendünkel
584 1318 622 1378 ist
639 1318 710 1378 stets
744 1318 799 1378 das
827 1318 959 1378 Antheil
987 1312 1202 1372 mittelmäßi¬

192 1372 364 1432 Sger
384 1366 537 1426 Geister.
596 1366 684 1426 Man
724 1365 793 1425 darf
826 1365 889 1425 also
916 1363 966 1423 sich
999 1362 1081 1422 nicht
1108 1357 1203 1417 wun¬

187 1423 298 1483 dern,
336 1417 430 1477 wenn
468 1415 536 1475 man
574 1413 811 1473 Halbgelehrte
839 1410 933 1470 sieht,
971 1409 1023 1469 die
1050 1406 1108 1466 auf
1135 1404 1193 1464 den

183 1470 329 1530 Ruhm,
357 1464 432 1524 alles
460 1464 487 1524 zu
515 1461 645 1521 wissen,
673 1458 835 1518 Anspruch
858 1458 1015 1518 machen,
1048 1455 1096 1515 die
1113 1452 1194 1512 alles

183 1521 210 1581 in
239 1518 311 1578 ihre
328 1512 556 1572 Lehrgebäude
591 1512 618 1572 zu
647 1509 752 1569 ziehen
786 1506 925 1566 suchen,
954 1506 1071 1566 welche
1105 1503 1193 1563 durch

182 1566 427 1626 Unwissenheit
449 1560 523 1620 oder
561 1560 741 1620 Eigensinn
780 1555 966 1615 erfunden,
998 1552 1088 1612 durch
1132 1550 1200 1610 Ju¬

184 1622 262 1682 gend
286 1617 359 1677 oder
383 1613 553 1673 Thorheit
571 1610 786 1670 aufgeführt,
815 1607 906 1667 durch
935 1602 985 1662 die
1009 1599 1117 1659 Mode
1146 1596 1190 1656 der

185 1670 310 1730 Cabale
330 1664 517 1724 gepriesen,
543 1664 618 1724 stets
644 1661 718 1721 aber
738 1658 825 1718 durch
857 1655 1026 1715 Vernunft
1046 1652 1108 1712 und
1127 1649 1196 1709 Ge=
1222 1646 1360 1706 ckungen
1392 1646 1447 1706 und
1473 1645 1611 1705 Werke,
1630 1646 1743 1706 welche
1768 1645 1793 1705 in
1825 1644 1868 1704 der
1894 1647 2050 1707 gelehrten
2082 1649 2170 1709 Welt
2189 1649 2239 1709 be¬

178 1722 314 1782 schmack
337 1718 507 1778 widerlegt
531 1716 678 1776 werden.
742 1711 872 1771 Solche
901 1709 1042 1769 Stutzer
1072 1703 1122 1763 der
1151 1703 1207 1763 ge¬

187 1773 305 1833 lehrten
335 1770 430 1830 Welt
448 1769 537 1829 laßen
567 1769 614 1829 die
632 1766 756 1826 Helden
787 1763 851 1823 eine
876 1760 1029 1820 kindische
1054 1757 1118 1817 und
1149 1757 1207 1817 ga¬

185 1817 278 1877 lante
306 1813 464 1873 Sprache
488 1812 623 1872 reden,
661 1811 712 1871 die
745 1808 800 1868 von
838 1807 968 1867 falschen
1001 1806 1196 1866 Schimmer

184 1859 319 1919 glänzt,
349 1854 396 1914 der
420 1852 472 1912 auf
502 1849 555 1909 den
586 1846 673 1906 ersten
703 1849 832 1909 Anblick
857 1843 1004 1903 blendet;
1028 1845 1128 1905 kurz,
1152 1843 1193 1903 sie
1235 1841 1287 1901 die
1305 1839 1423 1899 Frucht
1447 1840 1494 1900 der
1518 1843 1659 1903 Talente
1683 1843 1747 1903 und
1777 1843 1831 1903 der
1855 1843 1931 1903 Lohn
1967 1845 2019 1905 der
2043 1849 2237 1909 Beständig¬

178 1910 283 1970 malen
317 1900 372 1960 ihr
401 1895 528 1955 eigenes
557 1893 662 1953 Bild.
735 1893 790 1953 In
824 1886 913 1946 ihren
947 1885 1080 1945 Werken
1120 1884 1197 1944 sieht

182 1959 255 2019 man
295 1951 397 2011 nichts
426 1947 471 2007 als
505 1943 584 2003 leere
613 1940 755 2000 Worte,
784 1937 925 1997 gesuchte
954 1933 1175 1993 Wendungen

183 2011 233 2071 die
255 2002 433 2062 vergebens
456 1996 511 2056 den
539 1993 689 2053 Mangel
712 1990 761 2050 der
784 1987 961 2047 Gedanken
995 1984 1028 2044 zu
1062 1983 1184 2043 ersetzen

179 2107 286 2167 fälle,
315 2100 360 2160 die
383 2096 508 2156 Kinder
531 2092 582 2152 des
605 2092 758 2152 Genies,
777 2091 906 2151 welchen
936 2088 986 2148 der
1010 2085 1197 2145 Geschmack

173 2154 252 2214 ihre
281 2152 383 2212 rechte
418 2145 532 2205 Stelle
567 2145 726 2205 anweist,
761 2143 863 2203 denen
903 2139 955 2199 der
989 2136 1080 2196 Witz
1103 2136 1194 2196 jenes

186 2205 316 2265 Feuer,
345 2199 434 2259 jenen
469 2196 683 2256 Nachdruck,
712 2196 785 2256 jene
814 2193 954 2253 Anmuth
989 2190 1101 2250 giebt,
1142 2189 1192 2249 die

178 2258 253 2318 ihre
277 2247 549 2307 eigenthümliche
573 2243 787 2303 Kennzeichen
817 2243 904 2303 sind;
933 2240 1101 2300 Einfälle,
1119 2236 1200 2296 wel¬

178 2312 233 2372 che
256 2306 300 2366 die
328 2300 434 2360 Seele
457 2294 629 2354 bezaubern
657 2291 718 2351 und
741 2291 935 2351 entzücken;
970 2291 1069 2351 denen
1098 2285 1186 2345 allein

183 2360 220 2420 es
246 2354 454 2414 vorbehalten
486 2344 542 2404 ist,
567 2342 624 2402 das
644 2339 743 2399 Hohe
769 2339 826 2399 der
845 2339 1097 2399 Beredsamkeit
1123 2335 1204 2395 aus=

188 2405 388 2465 zudrücken,
424 2400 485 2460 und
512 2395 564 2455 den
600 2390 686 2450 Reiz
713 2388 766 2448 der
793 2390 1064 2450 Empfindungen
1100 2384 1195 2444 abzu=
1232 2378 1450 2438 unglückliche
1469 2381 1608 2441 Antheil
1626 2381 1714 2441 einer
1741 2384 1862 2444 Menge
1890 2384 1941 2444 von
1969 2384 2161 2444 Aristarche,
2188 2387 2231 2447 die

181 2452 357 2512 schildern.

230 2499 310 2559 Das
340 2497 449 2557 Genie
473 2490 524 2550 hat
548 2487 623 2547 viele
647 2486 832 2546 Gränzen;
861 2487 919 2547 sein
943 2482 1069 2542 Gebiet
1087 2479 1127 2539 ist
1145 2479 1191 2539 die

184 2549 284 2609 ganze
308 2545 414 2605 Welt.
462 2538 521 2598 Da
552 2536 586 2596 es
616 2533 687 2593 eben
723 2537 746 2597 so
776 2539 871 2599 fähig
901 2535 965 2595 ist,
990 2533 1037 2593 die
1061 2528 1196 2588 Schön¬

183 2599 316 2659 heiten,
341 2593 394 2653 die
413 2590 455 2650 sie
480 2588 528 2648 ihm
577 2581 746 2641 darstellt,
772 2586 802 2646 zu
839 2584 996 2644 schätzen,
1021 2579 1069 2639 als
1100 2577 1196 2637 selbst

184 2649 266 2709 neue
286 2642 318 2702 zu
344 2638 529 2698 erschaffen,
555 2631 587 2691 so
613 2631 670 2691 sind
710 2635 786 2695 seine
813 2632 1010 2692 Wirkungen
1050 2629 1119 2689 eben
1159 2624 1183 2684 se

183 2698 266 2758 viele
288 2688 454 2748 Wunder.
511 2680 582 2740 Die
610 2680 842 2740 Denkmaale,
871 2683 921 2743 die
944 2679 976 2739 es
1004 2676 1187 2736 aufrichtet,

179 2745 394 2805 verkündigen
436 2732 519 2792 seine
544 2729 681 2789 Größe.
729 2730 836 2790 Allein
873 2732 962 2792 wenn
999 2728 1052 2788 der
1083 2724 1189 2784 Besitz

179 2803 273 2863 diner
291 2794 359 2854 eben
386 2786 411 2846 so
438 2783 549 2843 seltnen
578 2781 628 2841 als
647 2775 836 2835 schätzbaren
871 2783 965 2843 Gabe
993 2778 1044 2838 die
1063 2775 1183 2835 Eigen,
1227 2767 1278 2827 dem
1322 2769 1504 2829 Pindus
1539 2775 1590 2835 die
1608 2769 1797 2829 Herrschaft
1816 2772 1842 2832 zu
1869 2775 2066 2835 verdienen,
2085 2778 2153 2838 und
2180 2778 2231 2838 be¬

175 2854 265 2914 liebe
287 2847 343 2907 auf
365 2841 413 2901 den
442 2833 575 2893 höchsten
604 2828 723 2888 Gipfel
745 2829 871 2889 erhebt,
886 2832 913 2892 so
942 2832 1075 2892 bedenke
1097 2826 1188 2886 man.

1237 1265 1292 1325 daß
1322 1261 1418 1321 dieses
1453 1258 1475 1318 so
1509 1258 1686 1318 blendende
1715 1258 1799 1318 Licht
1829 1258 1879 1318 oft
1903 1258 1930 1318 in
1959 1262 2010 1322 dem
2051 1264 2243 1324 Augenblick

1233 1309 1379 1369 erlischt,
1405 1306 1440 1366 da
1476 1306 1546 1366 man
1593 1305 1673 1365 seine
1709 1306 1810 1366 ganze
1841 1308 1998 1368 Klarheit
2024 1309 2048 1369 zu
2085 1312 2236 1372 genießen

1235 1354 1346 1414 hofte;
1373 1354 1436 1414 und
1463 1352 1515 1412 daß
1542 1351 1594 1411 der
1621 1354 1748 1414 Anfang
1776 1356 1875 1416 seines
1902 1356 1997 1416 Laufs
2024 1359 2098 1419 auch
2125 1360 2246 1420 zuwei¬

1233 1399 1275 1459 len
1307 1400 1402 1460 dessen
1435 1399 1503 1459 Ziel
1520 1399 1577 1459 ist;
1605 1402 1768 1462 entweder
1795 1402 1843 1462 der
1870 1402 2076 1462 Hindernisse
2109 1409 2246 1469 halben,

1233 1447 1284 1507 die
1305 1449 1330 1509 es
1357 1452 1553 1512 aufhalten,
1579 1450 1651 1510 oder
1672 1452 1723 1512 der
1745 1450 1951 1510 Dunkelheit
1972 1452 2102 1512 wegen,
2128 1455 2179 1515 die
2205 1457 2236 1517 es

1233 1497 1320 1557 nicht
1341 1498 1372 1558 zu
1398 1501 1568 1561 zerstreuen
1599 1500 1748 1560 vermag.
1816 1500 1893 1560 Der
1914 1500 2094 1560 erfindende
2120 1506 2244 1566 Künst¬

1229 1545 1273 1605 ler
1296 1545 1451 1605 überläßt
1474 1547 1528 1607 fast
1551 1548 1623 1608 stets
1657 1548 1751 1608 seinen
1785 1548 2001 1608 Nachfolgern
2035 1548 2079 1608 die
2108 1551 2240 1611 Sorge,

1230 1599 1254 1659 zu
1285 1596 1452 1656 erweitern
1482 1596 1537 1656 und
1568 1596 1593 1656 zu
1624 1596 1761 1656 bessern.
1817 1596 1912 1656 Sind
1943 1597 2024 1657 nicht
2045 1597 2089 1657 die
2115 1601 2241 1661 Entde¬

1229 1699 1342 1759 rühmt
1365 1697 1445 1757 sind,
1468 1697 1592 1757 sowohl
1615 1697 1711 1757 vielen
1740 1697 1910 1757 Zeitaltern
1939 1699 1984 1759 als
2013 1698 2109 1758 vielen
2138 1700 2239 1760 Men¬

1230 1751 1315 1811 schen
1340 1751 1413 1811 ihre
1432 1751 1739 1811 Vollkommenheit
1758 1751 1917 1811 schuldig?

1281 1799 1363 1859 Der
1387 1802 1552 1862 glückliche
1577 1801 1736 1861 Fortgang
1766 1801 1795 1861 in
1831 1799 1878 1859 den
1908 1802 2168 1862 Wissenschaften
2204 1804 2238 1864 ist

1224 1879 1307 1939 keit.
1356 1879 1434 1939 Wer
1459 1882 1532 1942 dazu
1563 1884 1709 1944 gelangen
1739 1883 1826 1943 will,
1856 1884 1930 1944 darf
1950 1885 1994 1945 sich
2029 1890 2111 1950 nicht
2141 1895 2229 1955 durch

1229 1930 1439 1990 Hindernisse
1461 1930 1650 1990 abschrecken
1683 1930 1802 1990 laßen;
1835 1930 1867 1990 er
1900 1933 1975 1993 muß
2009 1935 2057 1995 die
2084 1940 2240 2000 Schwie¬

1216 1981 1366 2041 rigkeiten
1394 1981 1622 2041 übersteigen,
1645 1979 1673 2039 in
1707 1978 1757 2038 der
1780 1981 1885 2041 Wahl
1908 1983 2008 2043 seiner
2031 1987 2231 2047 Wegweiser

189 2055 325 2115 bemüht
339 2049 423 2109 sind;
450 2046 534 2106 nicht
554 2043 626 2103 aber
646 2042 717 2102 jene
737 2040 821 2100 edeln
848 2040 906 2100 und
933 2035 1096 2095 erhabnen
1116 2034 1200 2094 Ein=
1227 2031 1429 2091 aufmerksam
1476 2031 1566 2091 seyn,
1580 2031 1638 2091 und
1665 2031 1880 2091 vornehmlich
1907 2034 2108 2094 gründlichen
2135 2040 2238 2100 Rathe

1229 2082 1364 2142 schlägen
1393 2082 1506 2142 Gehör
1530 2082 1648 2142 geben.
1705 2082 1807 2142 Denn
1836 2082 1886 2142 sich
1915 2082 1971 2142 aus
1995 2082 2091 2142 dieser
2114 2087 2227 2147 Sach¬

1229 2135 1257 2195 zu
1286 2133 1427 2193 verirren
1456 2133 1489 2193 ist
1512 2133 1575 2193 sehr
1598 2133 1710 2193 leicht;
1745 2133 1784 2193 sie
1807 2130 1846 2190 ist
1870 2133 2005 2193 ringsum
2057 2132 2119 2192 mit
2142 2136 2237 2196 Klip¬

1224 2184 1278 2244 pen
1312 2184 1489 2244 umgeben.
1550 2184 1639 2244 Sein
1678 2184 1855 2244 Charakter
1889 2184 1955 2244 muß
1995 2184 2038 2244 die
2067 2187 2238 2247 Leutselig¬

1224 2231 1280 2291 keit
1309 2231 1406 2291 seyn;
1435 2232 1629 2292 Mäßigung
1658 2233 1731 2293 muß
1760 2234 1840 2294 seine
1863 2233 2017 2293 Schritte
2041 2234 2148 2294 leiten,
2166 2240 2222 2300 und

1223 2279 1495 2339 Bescheidenheit
1518 2282 1615 2342 seinen
1649 2285 1812 2345 Triumph
1840 2283 2020 2343 mäßigen;
2053 2285 2134 2345 nicht
2157 2288 2232 2348 aber

1220 2330 1261 2390 ein
1293 2327 1573 2387 unumschrankter
1600 2333 1776 2393 Hochmuth
1807 2333 1864 2393 und
1890 2333 2005 2393 wilder
2026 2336 2140 2396 Trotz,
2171 2339 2223 2399 das

1228 2430 1275 2490 sich
1307 2426 1360 2486 von
1397 2426 1577 2486 Zanksucht
1604 2432 1753 2492 nähren,
1796 2432 1858 2492 und
1891 2431 1938 2491 bey
1970 2432 2066 2492 denen
2103 2432 2145 2492 ein
2183 2433 2235 2493 ge¬

1225 2474 1398 2534 zwungene
1426 2473 1479 2533 und
1507 2477 1642 2537 müßige
1659 2479 1864 2539 Einsamkeit
1886 2476 1956 2536 ihre
1979 2474 2092 2534 Sitten
2130 2484 2227 2544 rauh,

1225 2524 1288 2584 und
1315 2522 1383 2582 ihre
1405 2527 1637 2587 Gemüͤthsart
1659 2528 1923 2588 widersprechend
1950 2524 2066 2584 macht.

1262 2572 1338 2632 Wie
1361 2572 1443 2632 viele
1465 2578 1728 2638 Schriftsteller,
1757 2576 1806 2636 die
1828 2575 1888 2635 von
1922 2575 2009 2635 ihrem
2059 2581 2234 2641 vermeyn¬

1216 2623 1265 2683 ten
1293 2620 1415 2680 Glücke
1438 2626 1565 2686 trunken
1594 2629 1721 2689 waren,
1744 2624 1838 2684 haben
1866 2623 1994 2683 traurig
2022 2629 2227 2689 Schiffbruch

1218 2670 1369 2730 erlitten!
1408 2670 1516 2730 Stolz
1544 2678 1604 2738 auf
1631 2671 1864 2731 Lehrsprüche,
1898 2673 1947 2733 die
1980 2676 2050 2736 man
2083 2677 2218 2737 Werken

1222 2718 1304 2778 ohne
1332 2719 1525 2779 Geschmack
1553 2726 1613 2786 und
1647 2721 1752 2781 Genie
1780 2722 1862 2782 gab,
1896 2727 2045 2787 glaubten
2078 2730 2144 2790 sie,
2172 2732 2227 2792 auf

1220 2820 1408 2880 mächtigten
1439 2823 1487 2883 sich
1519 2826 1585 2886 voll
1604 2823 1774 2883 Kühnheit
1806 2825 1890 2885 einer
1915 2825 2049 2885 Stelle,
2074 2827 2123 2887 die
2154 2827 2220 2887 bloß

2133 2876 2238 2936 Ver¬
