2479 3508
243 319 472 379 schaffenheit,
509 321 537 381 zu
573 321 820 381 befürchtenden
862 317 1080 377 Krankheiten
1122 318 1262 378 befreyet

240 369 361 429 bleiben
404 371 546 431 können.

501 417 702 477 London,
727 419 780 479 den
816 419 881 479 27.
911 416 1017 476 Nov.

301 464 387 524 Man
423 466 510 526 sagt,
540 469 592 529 daß
628 467 679 527 der
697 466 907 526 französische
931 464 1024 524 Hof,
1048 466 1088 526 um
1129 463 1176 523 sich
1205 463 1257 523 dem

255 518 422 578 englischen
455 518 584 578 gefällig
606 518 638 578 zu
665 515 816 575 machen,
844 515 897 575 den
930 515 1021 575 Hrn.
1044 515 1167 575 Wilkes
1206 512 1265 572 und

251 568 340 628 einen
367 566 510 626 gewissen
543 566 754 626 Buchführer
775 565 833 625 aus
866 565 912 625 dem
955 566 1177 626 französischen
1210 559 1272 619 Ge¬

251 616 336 676 biete
362 616 528 676 verwiesen
564 616 644 676 habe
664 616 740 676 oder
766 613 932 673 verweisen
963 613 1088 673 werde,
1119 613 1184 673 und
1210 613 1265 673 daß

248 662 377 722 Wilkes
400 667 557 727 gesonnen
591 664 661 724 sey,
689 667 759 727 nach
787 664 905 724 Berlin
934 664 966 724 zu
994 664 1124 724 gehen,
1162 661 1205 721 wo
1238 658 1270 718 er

257 715 326 775 eine
348 715 494 775 Historie
516 715 569 775 von
597 715 748 775 England
776 713 926 773 schreiben
954 712 1040 772 will,
1062 712 1110 772 die
1133 709 1181 769 sich
1214 709 1272 769 mit

258 765 361 825 Jacob
389 764 437 824 dem
481 766 573 826 ersten
606 765 801 825 anfangen,
829 763 888 823 und
922 763 970 823 bis
1003 763 1062 823 auf
1084 760 1279 820 gegenwär¬

257 812 323 872 tige
346 813 417 873 Zeit
434 813 594 873 erstrecken
622 813 693 873 soll.
743 810 821 870 Der
844 810 909 870 Hof
932 810 1003 870 will
1021 812 1092 872 noch
1126 809 1269 869 mehrere

256 863 533 923 Vestungswerke
554 861 580 921 in
611 862 662 922 dem
699 861 817 921 Revier
838 860 982 920 Gambia
1003 861 1131 921 anlegen
1162 858 1275 918 laßen.

265 912 383 972 Briefe
401 912 457 972 von
486 912 672 972 Portugall
701 912 853 972 melden,
882 914 938 974 daß
973 912 1102 972 zufolge
1131 908 1272 968 gewisser

254 963 507 1023 Nachrichten,
539 962 590 1022 die
622 962 694 1022 man
736 961 798 1021 von
840 960 984 1020 Madrid
1022 960 1192 1020 erhalten;
1229 953 1275 1013 ein

258 1012 512 1072 Friedensbruch
555 1010 703 1070 zwischen
740 1010 856 1070 beyden
894 1009 1063 1069 Nationen
1101 1007 1275 1067 befürchtet

257 1059 378 1119 werde.
430 1061 473 1121 Zu
507 1058 596 1118 Birr
619 1058 646 1118 in
674 1058 801 1118 Irland
830 1055 884 1115 hat
902 1055 952 1115 sich
985 1055 1157 1115 folgendes
1191 1055 1285 1115 zuge¬

255 1109 397 1169 tragen:
422 1109 466 1169 Um
511 1109 594 1169 einen
625 1108 786 1168 Brunnen
816 1106 845 1166 zu
875 1104 1018 1164 reinigen
1048 1103 1131 1163 ward
1156 1104 1195 1164 ein
1225 1103 1283 1163 tie¬

255 1159 299 1219 fes
327 1158 399 1218 Loch
422 1160 616 1220 gegraben,
639 1157 699 1217 und
728 1154 744 1214 6
778 1155 933 1215 Stunden
967 1154 1095 1214 hernach
1123 1154 1189 1214 stieg
1229 1151 1267 1211 ein

261 1207 371 1267 junger
400 1205 533 1265 Mensch
556 1207 616 1267 von
645 1207 722 1267 etwa
745 1204 783 1264 18
817 1204 944 1264 Jahren
973 1204 1095 1264 hinab.
1162 1204 1217 1264 Da
1251 1201 1278 1261 er

261 1258 321 1318 auf
344 1256 387 1316 die
416 1258 521 1318 Mitte
543 1258 637 1318 kam,
666 1255 797 1315 erstickte
820 1255 869 1315 ihn
904 1255 953 1315 der
975 1255 1136 1315 Dampf,
1164 1252 1224 1312 und
1247 1249 1279 1309 er

262 1309 314 1369 fiel
336 1306 393 1366 von
426 1306 473 1366 der
494 1306 589 1366 Leiter
617 1308 711 1368 hinab
738 1306 764 1366 in
791 1306 843 1366 den
865 1306 1055 1366 Brunnen.
1082 1300 1140 1360 Ein
1162 1301 1272 1361 Mann

258 1357 355 1417 folgte
377 1357 474 1417 ihm,
502 1357 561 1417 und
589 1357 676 1417 hatte
704 1355 839 1415 dasselbe
861 1354 1051 1414 Schicksal,
1085 1354 1127 1414 ein
1161 1354 1274 1414 andrer

261 1407 373 1467 Mann
418 1404 493 1464 stieg
526 1407 710 1467 hinunter,
738 1405 796 1465 und
835 1404 884 1464 kam
938 1404 1014 1464 auch
1052 1403 1122 1463 ums
1161 1402 1284 1462 Leben.

260 1454 365 1514 Hätte
392 1454 461 1514 man
498 1455 550 1515 sich
583 1454 635 1514 des
667 1455 841 1515 bekannten
879 1452 1047 1512 Mittels,
1079 1452 1195 1512 vorher
1227 1449 1269 1509 ein

258 1503 463 1563 brennendes
490 1503 572 1563 Licht
604 1503 763 1563 hinunter
795 1503 825 1563 zu
867 1503 990 1563 laßen,
1012 1503 1182 1563 bedienet,
1208 1500 1285 1560 wel¬

261 1554 363 1614 ches,
385 1553 476 1613 wenn
515 1552 579 1612 böse
607 1554 742 1614 Dünste
769 1552 959 1612 vorhanden
997 1552 1083 1612 sind,
1110 1551 1283 1611 verlischt;

262 1604 287 1664 so
313 1602 401 1662 håtte
417 1602 478 1662 dies
505 1602 645 1662 Unglück
661 1602 836 1662 vermieden
868 1602 992 1662 werden
1019 1600 1163 1660 können.
1189 1599 1261 1659 Vom

264 1649 343 1709 Fort
365 1651 507 1711 Ontario
534 1649 607 1709 wird
634 1649 808 1709 berichtet,
835 1649 888 1709 daß
925 1649 972 1709 die
1000 1649 1200 1709 Indianer,
1227 1648 1274 1708 die

259 1700 332 1760 man
367 1700 569 1760 Delawares
604 1697 663 1757 und
698 1697 914 1757 Shawanese
944 1697 1092 1757 nennet,
1122 1697 1185 1757 mit
1210 1697 1283 1757 wel¬

262 1747 331 1807 chen
360 1746 406 1806 die
430 1745 626 1805 Engländer
650 1742 747 1802 Krieg
776 1739 920 1799 führen,
944 1739 1131 1799 Deputirte
1155 1736 1192 1796 an
1225 1736 1276 1796 den

993 1787 1061 1847 Sie
1085 1784 1188 1844 ließen
1224 1783 1275 1843 ihn

266 1793 422 1853 General
439 1790 596 1850 Johnson
630 1790 765 1850 gesandt
798 1787 917 1847 haben.

266 1843 402 1903 wissen,
425 1842 481 1902 daß
516 1840 555 1900 sie
584 1840 646 1900 mit
669 1840 725 1900 den
760 1840 975 1900 Engländern
1010 1836 1122 1896 Friede
1152 1836 1275 1896 machen

264 1894 422 1954 wollten,
449 1893 507 1953 aus
539 1893 755 1953 Erbarmung
787 1891 882 1951 gegen
920 1888 966 1948 die
999 1891 1104 1951 armen
1136 1888 1284 1948 Englän¬

267 1943 337 2003 der;
365 1944 451 2004 nicht
474 1942 543 2002 aber
566 1941 625 2001 aus
658 1944 783 2004 einiger
805 1941 924 2001 Furcht
952 1938 1011 1998 vor
1038 1939 1125 1999 ihrer
1152 1939 1287 1999 Macht,

268 1993 383 2053 welche
406 1992 438 2052 sie
461 1991 681 2051 verachteten.
731 1990 802 2050 Hr.
820 1990 957 2050 William
996 1987 1073 2047 Pitt
1096 1990 1128 2050 ist
1156 1987 1272 2047 gestern

269 2040 327 2100 von
364 2043 465 2103 seinem
508 2040 666 2100 Landsitze
693 2040 719 2100 in
757 2037 804 2097 die
831 2039 947 2099 Stadt
970 2037 1181 2097 gekommen,
1219 2037 1281 2097 und

266 2089 389 2149 bleibet
422 2091 476 2151 bey
509 2091 611 2151 seinem
660 2088 849 2148 Schwager
899 2087 947 2147 dem
1001 2088 1093 2148 Hrn.
1126 2087 1287 2147 Temple.

269 2142 355 2202 Man
388 2142 474 2202 sagt,
502 2141 561 2201 daß
588 2139 631 2199 ein
659 2139 799 2199 Courier
827 2136 881 2196 von
914 2136 1027 2196 Berlin
1054 2136 1092 2196 an
1125 2136 1178 2196 dem
1222 2132 1286 2192 hie¬

264 2191 341 2251 sigen
370 2192 458 2252 Hofe
475 2190 658 2250 angelangt
681 2189 758 2249 sey,
786 2185 885 2245 dessen
925 2187 1135 2247 Mitbringen
1175 2184 1285 2244 verur¬

268 2240 350 2300 sacht
368 2239 445 2299 hat,
479 2238 533 2298 daß
562 2237 645 2297 schon
684 2234 844 2294 zweymal
873 2234 1278 2294 Rathsversammlungen

265 2288 318 2348 bey
340 2288 424 2348 Hofe
451 2288 588 2348 darüber
611 2288 753 2348 gehalten
785 2285 933 2345 worden.
982 2285 1156 2345 Niemand
1184 2282 1278 2342 außer

266 2336 321 2396 dem
360 2336 448 2396 Hofe
471 2336 509 2396 ist
532 2336 599 2396 noch
627 2333 649 2393 im
694 2335 831 2395 Stande
854 2336 881 2396 zu
910 2336 1026 2396 sagen,
1054 2333 1120 2393 was
1154 2332 1187 2392 es
1221 2333 1287 2393 sey,

261 2384 293 2444 es
333 2387 493 2447 verlautet
521 2387 598 2447 aber
627 2387 687 2447 nur
721 2387 848 2447 soviel,
882 2385 943 2445 daß
977 2384 1009 2444 es
1043 2384 1109 2444 eine
1138 2383 1287 2443 Privat¬

273 2437 358 2497 sache
388 2439 452 2499 sey.

530 2482 738 2542 Tripoli,
774 2482 828 2542 den
864 2482 926 2542 22.
955 2482 1037 2542 Oct.

322 2529 398 2589 Der
432 2536 685 2596 Commandeur
730 2533 818 2593 eines
863 2531 1100 2591 holländischen
1144 2530 1287 2590 Kriegs¬

270 2584 391 2644 schiffs,
415 2584 501 2644 Herr
531 2584 559 2644 v.
583 2584 733 2644 Hartog,
757 2579 884 2639 welcher
907 2580 960 2640 dem
1001 2581 1122 2641 Pascha
1151 2581 1203 2641 der
1221 2580 1289 2640 hie¬

269 2635 348 2695 sigen
385 2632 576 2692 Regierung
608 2631 649 2691 ein
692 2629 877 2689 Schreiben
910 2629 972 2689 und
1011 2629 1195 2689 Geschenke
1222 2629 1279 2689 von

264 2680 319 2740 den
348 2681 621 2741 Generalstaaten
661 2679 856 2739 überbracht
873 2674 946 2734 hat,
986 2678 1046 2738 und
1081 2678 1131 2738 sich
1171 2679 1287 2739 gegen¬

270 2730 391 2790 wärtig
419 2730 508 2790 fertig
536 2730 657 2790 macht,
686 2730 802 2790 wieder
830 2724 885 2784 von
925 2724 990 2784 hier
1019 2727 1046 2787 zu
1085 2728 1212 2788 segeln,
1246 2730 1284 2790 ist

270 2779 329 2839 von
356 2781 410 2841 dem
448 2778 572 2838 Pascha
595 2778 659 2838 mit
676 2778 762 2838 einem
806 2775 989 2835 prächtigen
1022 2778 1168 2838 Pferde,
1190 2778 1287 2838 zwee¬

273 2829 328 2889 nen
362 2828 560 2888 Straussen,
583 2829 643 2889 und
672 2829 744 2889 noch
772 2829 893 2889 einigen
922 2829 1032 2889 andern
1060 2829 1165 2889 seltnen
1193 2829 1287 2889 Thie¬

271 2882 324 2942 ren
355 2879 536 2939 beschenket
555 2879 705 2939 worden.

1528 318 1782 378 Warschau,
1811 324 1862 384 den
1902 321 1964 381 10.
1987 321 2077 381 Dec.

1348 367 1396 427 Am
1435 369 1619 429 Dienstage
1641 372 1733 432 baten
1761 372 1809 432 die
1831 369 1956 429 Herren
1989 371 2162 431 Potockier
2190 369 2249 429 und
2271 372 2320 432 ih¬

1303 416 1330 476 re
1352 417 1504 477 Freunde
1526 419 1579 479 bey
1608 419 1683 479 Sr.
1705 422 1803 482 Maj.
1820 422 1857 482 um
1896 419 2020 479 Gnade
2043 422 2096 482 für
2119 417 2167 477 die
2190 419 2319 479 Brühl¬

1307 467 1367 527 sche
1390 467 1550 527 Familie,
1578 467 1632 527 daß
1656 469 1694 529 sie
1728 470 1782 530 das
1805 470 2004 530 Indigenat
2027 470 2126 530 haben
2159 467 2220 527 und
2248 468 2314 528 ihre

1306 515 1457 575 Chargen
1484 515 1543 575 und
1571 518 1684 578 Güter
1706 521 1771 581 hier
1798 521 1825 581 in
1852 521 1960 581 Polen
1983 521 2128 581 behalten
2161 518 2323 578 könnten.

1307 563 1381 623 Se.
1399 566 1544 626 Königl.
1574 569 1671 629 Maj.
1706 571 1932 631 versicherten,
1956 571 2013 631 daß
2049 572 2088 632 sie
2125 569 2228 629 nichts
2263 568 2315 628 als

1308 613 1427 673 Gnade
1449 614 1508 674 mit
1531 616 1780 676 Vergessenheit
1797 619 1873 679 alles
1901 619 2166 679 vorgegangenen
2205 618 2237 678 zu
2270 616 2318 676 er¬

1315 664 1412 724 zeigen
1443 664 1541 724 bereit
1568 666 1701 726 waren,
1738 667 1800 727 und
1831 670 1950 730 dahero
1981 670 2063 730 nicht
2089 670 2151 730 nur
2177 670 2259 730 nicht
2280 667 2311 727 es

1312 712 1463 772 hindern,
1485 715 1614 775 sondern
1648 718 1803 778 vielmehr
1826 718 1852 778 es
1885 719 2052 779 befördern
2091 718 2225 778 wolten,
2253 719 2306 779 daß

1310 763 1355 823 die
1378 763 1616 823 Reichsgrafen
1645 767 1774 827 Brühl,
1797 769 1979 829 Friedrich,
2008 769 2324 829 Generalfeldzeug¬

1309 810 1451 870 meister,
1479 813 1541 873 und
1574 815 1674 875 Carl,
1696 818 2029 878 Kronmundschenk,
2061 816 2150 876 wenn
2183 816 2225 876 sie
2252 816 2325 876 dar¬

1310 861 1347 921 um
1391 863 1580 923 Ansuchung
1608 864 1683 924 thun
1710 867 1862 927 würden,
1890 868 1943 928 zum
1982 867 2171 927 Jndigenat
2188 864 2311 924 gelassen

1312 909 1433 969 werden
1465 912 1576 972 sollen.
1603 915 1676 975 Die
1698 918 2216 978 Generalfeldzeugmeisterstelle
2248 915 2316 975 aber

1311 959 1413 1019 hätten
1452 962 1521 1022 Se.
1543 963 1646 1023 Maj.
1663 963 1738 1023 schon
1766 966 1797 1026 an
1831 966 1879 1026 den
1912 968 2085 1028 Starosten
2123 966 2177 1026 von
2204 965 2317 1025 Halicz

1315 1010 1493 1070 Branicki,
1515 1010 1569 1070 der
1591 1010 1639 1070 sich
1667 1012 1688 1072 im
1732 1014 1936 1074 Interregno
1964 1014 1990 1074 so
2018 1015 2082 1075 sehr
2110 1013 2255 1073 verdient
2277 1013 2320 1073 ge¬

1315 1058 1431 1118 macht,
1458 1059 1682 1119 versprochen.
1730 1063 1793 1123 Da
1826 1064 1963 1124 letzterer
1985 1063 2075 1123 selbst
2097 1063 2320 1123 gegenwärtig

1318 1105 1403 1165 war,
1415 1107 1436 1167 so
1458 1109 1522 1169 war
1544 1109 1577 1169 er
1599 1110 1625 1170 so
1642 1112 1852 1172 großmüthig
1880 1112 1928 1172 die
1945 1109 2057 1169 Stelle
2080 1112 2134 1172 des
2156 1110 2322 1170 Feldzeug¬

1317 1155 1459 1215 meisters
1481 1157 1618 1217 sowohl,
1629 1161 1671 1221 als
1698 1162 1766 1222 auch
1793 1163 1835 1223 die
1857 1163 1882 1223 im
1920 1160 2036 1220 andern
2058 1160 2131 1220 Fall
2148 1160 2226 1220 schon
2259 1157 2327 1217 ver¬

1322 1207 1462 1267 sprochne
1484 1210 1923 1270 Kronmundschenkenstelle
1940 1213 1972 1273 an
2006 1211 2048 1271 die
2065 1210 2184 1270 Herren
2212 1207 2330 1267 Brühl

1318 1255 1434 1315 wieder
1467 1258 1494 1318 zu
1529 1261 1728 1321 überlassen,
1756 1263 1888 1323 welches
1922 1261 1977 1321 dem
2022 1261 2127 1321 Herrn
2167 1258 2327 1318 Branicki

1317 1305 1385 1365 eine
1407 1309 1597 1369 allgemeine
1618 1312 1882 1372 Bewunderung
1909 1312 2105 1372 zugezogen.
2153 1307 2327 1367 Verwich¬

1306 1355 1365 1415 nen
1399 1357 1561 1417 Sontuag
1589 1360 1692 1420 hatten
1719 1363 1768 1423 die
1796 1363 1985 1423 Akademici
2008 1360 2056 1420 der
2084 1360 2317 1420 Universitäten

1318 1407 1447 1467 Krakau
1476 1407 1538 1467 und
1561 1407 1712 1467 Zamosc,
1730 1410 1904 1470 öffentliche
1921 1410 2062 1470 Audienz
2079 1410 2129 1470 bey
2158 1407 2231 1467 Sr.
2248 1407 2327 1467 Ma¬

1315 1455 1421 1515 jestät.
1448 1455 1516 1515 Von
1549 1458 1633 1518 jeder
1655 1458 1856 1518 Universität
1878 1458 1941 1518 war
1968 1460 2021 1520 der
2043 1458 2164 1518 Rector
2186 1458 2329 1518 Magni¬

1316 1504 1393 1564 ficus
1427 1506 1487 1566 und
1515 1508 1570 1568 aus
1599 1509 1681 1569 jeder
1698 1509 1853 1569 Facultät
1871 1509 1975 1569 einige
1998 1509 2241 1569 gegenwärtig.
2264 1509 2330 1569 Je¬

1315 1554 1351 1614 de
1378 1556 1531 1616 Facultät
1564 1556 1648 1616 hatte
1675 1560 1764 1620 ihren
1801 1559 1907 1619 Talar
1939 1557 1997 1617 und
2029 1557 2150 1617 kleinen
2188 1557 2309 1617 Mante

1316 1603 1378 1663 von
1407 1605 1546 1665 anderer
1571 1606 1739 1666 Couleur.

1798 1608 1870 1668 Die
1891 1607 2035 1667 Scepter
2067 1606 2196 1666 wurden
2222 1605 2315 1665 ihnen

1324 1650 1376 1710 von
1408 1652 1455 1712 den
1487 1652 1640 1712 Pedellen
1672 1655 1882 1715 vorgetragen
1909 1656 1966 1716 und
1993 1655 2082 1715 sogar
2109 1655 2161 1715 bey
2188 1655 2235 1715 der
2262 1652 2330 1712 Au¬

1316 1700 1402 1760 dienz
1430 1700 1483 1760 bey
1517 1701 1565 1761 sich
1598 1703 1630 1763 zu
1663 1701 1766 1761 haben
1805 1703 1951 1763 erlaubt.
2006 1705 2098 1765 Jede
2125 1700 2326 1760 Universität

1320 1741 1411 1801 hatte
1430 1739 1516 1799 ihren
1541 1742 1676 1802 Redner
1701 1742 1725 1802 in
1757 1745 1952 1805 lateinischer
1971 1748 2156 1808 Sprache,
2187 1750 2248 1810 und
2273 1750 2321 1810 der

1322 1793 1647 1853 Kronunterkanzler
1671 1793 1883 1853 antwortete.

1603 1843 1766 1903 Wilda,
1791 1846 1845 1906 den
1882 1846 1947 1906 17.
1973 1846 2063 1906 Dec.

1374 1890 1448 1950 Der
1478 1891 1506 1951 so
1541 1897 1633 1957 lange
1668 1897 1881 1957 angehaltene
1905 1897 2008 1957 starke
2032 1900 2169 1960 Regen,
2193 1900 2250 1960 hat
2280 1899 2331 1959 die

1323 1939 1422 1999 Wege
1450 1942 1517 2002 sehr
1540 1945 1617 2005 übel
1634 1945 1800 2005 gemacht,
1834 1948 1956 2008 dahero
1984 1948 2044 2008 wir
2079 1949 2134 2009 seit
2162 1949 2334 2009 geraumer

1328 1994 1393 2054 Zeit
1416 1993 1498 2053 keine
1527 1996 1654 2056 Zufuhr
1676 1995 1737 2055 aus
1760 1996 1919 2056 Rußland
1954 1999 2080 2059 gehabt
2109 1999 2230 2059 haben,
2264 1999 2324 2059 und

1324 2040 1393 2100 noch
1421 2043 1518 2103 haben
1551 2043 1610 2103 wir
1632 2043 1772 2103 schlechte
1800 2046 1962 2106 Hofnung
1995 2046 2113 2106 selbige
2141 2049 2167 2109 zu
2206 2048 2334 2108 vermu¬

1322 2091 1418 2151 then.

1493 2091 1562 2151 Die
1595 2094 1779 2154 Nachricht
1807 2092 1865 2152 von
1899 2095 1953 2155 dem
2002 2095 2028 2155 in
2061 2097 2218 2157 Diensten
2256 2097 2331 2157 Sr.

1327 2139 1485 2199 Eminenz
1507 2139 1554 2199 des
1576 2139 1744 2199 Bischofen
1772 2142 1824 2202 von
1851 2144 1957 2204 Wilda
1984 2147 2195 2207 gestandenen
2217 2145 2332 2205 Lieute=

1326 2190 1408 2250 nant
1429 2190 1623 2250 Ockerstadt,
1639 2190 1717 2250 wird
1743 2193 1927 2253 bestätiget,
1943 2196 2015 2256 man
2047 2195 2123 2255 weis
2150 2196 2216 2256 noch
2247 2196 2329 2256 nicht

1321 2237 1426 2297 wohin
1454 2237 1553 2297 dieser
1576 2240 1798 2300 Undankbare
1820 2243 2004 2303 geflüchtet.
2026 2246 2098 2306 Die
2115 2246 2270 2306 Gerichte
2293 2246 2320 2306 zu

1334 2288 1470 2348 Grodno
1494 2289 1601 2349 haben
1643 2291 1731 2351 einen
1762 2291 1832 2351 sehr
1862 2294 1998 2354 ruhigen
2040 2297 2171 2357 Anfang
2207 2297 2336 2357 genom¬

1322 2336 1417 2396 men.

1333 2438 1668 2498 Wechsel-Cours
1696 2440 1702 2500 &
1767 2443 1919 2503 Species
1942 2442 1983 2502 d.
1998 2444 2066 2504 27.
2081 2443 2186 2503 Dec.
2207 2446 2332 2506 1764.

1913 2490 1948 2550 71
1973 2497 2058 2557 Tage
2083 2499 2217 2559 307gr.

1327 2491 1512 2551 Amsterdam
1550 2494 1593 2554 41
1616 2494 1702 2554 Tage
1719 2497 1778 2557 309
1806 2494 1854 2554 gr.

1332 2541 1501 2601 Hamburg
1531 2542 1543 2602 3
1574 2545 1627 2605 W.
1647 2545 1779 2605 135gr.

1880 2539 1886 2599 6
1918 2543 1974 2603 W.
1994 2548 2056 2608 134
2077 2548 2132 2608 gr.

1324 2587 1434 2647 Berlin

1832 2593 1980 2653 Dantzig
2013 2594 2051 2654 24
2085 2595 2134 2655 pr.
2151 2593 2233 2653 Cto.

1323 2638 1468 2698 Ducaten
1491 2641 1568 2701 neue
1585 2641 1596 2701 9
1625 2643 1657 2703 fl.
1669 2645 1680 2705 3
1697 2646 1752 2706 gr.

1915 2641 2045 2701 Alberts
2062 2642 2155 2702 Taler
2178 2643 2237 2703 130
2260 2643 2313 2703 gr.

1324 2688 1432 2748 Rubel
1451 2692 1518 2752 112
1543 2695 1597 2755 gr.

1813 2691 1866 2751 Alt
1879 2691 2017 2751 Polnisch
2042 2694 2113 2754 Geld
2138 2694 2174 2754 13
2199 2694 2246 2754 pr.
2259 2691 2336 2751 Cto.

1324 2799 1411 2859 Diese
1433 2798 1573 2858 Gelehrte
1596 2798 1649 2858 und
1672 2799 1834 2859 Politische
1856 2799 1981 2859 Zeitung
2008 2799 2078 2859 wird
2106 2799 2149 2859 des
2177 2796 2333 2856 Montags

1438 2841 1490 2901 und
1519 2841 1667 2901 Freytags
1687 2841 1887 2901 Vormittags
1912 2843 1940 2903 um
1979 2841 2007 2901 10
2037 2841 2093 2901 Uhr
2113 2841 2137 2901 in
2161 2841 2208 2901 dem

1514 2885 1711 2945 Kanterschen
1735 2885 1909 2945 Buchladen
1939 2885 2148 2945 ausgegeben.
