2479 3508
486 1192 617 1252 85tes
664 1190 827 1250 Stück.
898 1191 1123 1251 Freytag,
1164 1190 1225 1250 den
1272 1192 1357 1252 23.
1390 1184 1630 1244 November
1670 1184 1824 1244 1764.

485 1262 796 1322 Königsberg.

132 1334 248 1394 Dey
281 1322 390 1382 unserm
430 1320 584 1380 Verleger
611 1318 650 1378 ist
670 1315 1012 1375 herausgekommen:
1045 1309 1148 1369 "Der

158 1371 490 1431 rJungling.
508 1364 733 1424 Königsberg,
750 1363 874 1423 Mietau
897 1363 958 1423 und
976 1356 1116 1416 Leipzig.

126 1425 233 1485 Wenn
265 1422 324 1482 wir
346 1419 415 1479 nach
448 1416 571 1476 einiger
599 1413 775 1473 geistlicher
803 1410 941 1470 Redner
964 1404 1070 1464 Weise
1098 1404 1150 1464 die

129 1479 181 1539 bey
209 1476 284 1536 aller
311 1465 536 1525 Gelegenheit
558 1464 611 1524 vom
655 1461 837 1521 Paradiese
859 1458 886 1518 zu
918 1455 1003 1515 reden
1037 1452 1154 1512 anfan¬

129 1529 218 1589 gen,
242 1523 301 1583 bey
338 1520 384 1580 der
409 1515 545 1575 Anzeige
575 1512 676 1572 dieser
707 1507 1039 1567 Wochenschrift
1070 1500 1128 1560 vom

129 1573 361 1633 englischen
402 1564 634 1624 Zuschauer
664 1558 721 1618 das
745 1557 919 1617 Gehörige
943 1551 1134 1611 beybringen

139 1625 269 1685 sollten;
297 1621 323 1681 so
346 1618 475 1678 würden
509 1613 568 1673 wir
596 1612 655 1672 uns
688 1608 812 1668 freylich
845 1605 877 1665 zu
911 1604 1057 1664 mancher
1090 1599 1149 1659 un¬

134 1676 309 1736 läugbaren
347 1670 528 1730 Wahrheit
560 1664 657 1724 Thür
688 1661 748 1721 und
780 1658 876 1718 Thor
895 1655 1022 1715 öfnen,
1047 1652 1138 1712 allein

138 1730 194 1790 wir
211 1727 342 1787 glauben
371 1724 455 1784 nicht
479 1721 564 1781 durch
593 1716 780 1776 allgemeine
798 1709 1048 1769 Anmerkungen
1071 1706 1145 1766 über

134 1781 183 1841 die
206 1775 528 1835 Wochenschriften,
551 1766 662 1826 unsere
685 1764 767 1824 Leser
790 1763 924 1823 erbauen
952 1760 985 1820 zu
1013 1759 1129 1819 können

134 1818 199 1878 So
223 1817 283 1877 wie
307 1815 334 1875 es
362 1814 423 1874 uns
447 1808 656 1868 vorkömmt;
685 1805 712 1865 so
736 1802 861 1862 würden
894 1802 950 1862 wir
974 1802 1048 1862 nach
1081 1799 1150 1859 ver¬

136 1864 277 1924 richteter
303 1858 419 1918 Arbeit
435 1855 535 1915 nichts
561 1849 652 1909 mehr
683 1846 734 1906 als
770 1843 941 1903 dasjenige
972 1840 1154 1900 wiederho¬

133 1918 175 1978 let
192 1911 324 1971 haben,
357 1905 425 1965 was
463 1900 516 1960 von
553 1897 670 1957 andern
708 1891 830 1951 bereits
857 1888 1069 1948 wiederholet
1096 1886 1149 1946 ist,

138 1968 194 2028 und
223 1960 336 2020 hiemit
354 1951 455 2011 dörfte
479 1951 506 2011 so
530 1948 620 2008 leicht
644 1942 848 2002 Niemanden
883 1939 1030 1999 gedienet
1059 1933 1150 1993 seyn.

132 2016 209 2076 Wir
239 2007 381 2067 schreiten
417 1999 577 2059 vielmehr
608 1994 661 2054 zur
691 1992 804 2052 Sache
834 1990 952 2050 selbst,
988 1989 1053 2049 und
1089 1987 1136 2047 bey

135 2067 182 2127 der
207 2061 301 2121 neuen
333 2050 493 2110 Ausgabe
511 2049 565 2109 des
589 2043 852 2103 Jünglings
888 2040 917 2100 zu
948 2038 1049 2098 thun,
1073 2034 1144 2094 was

129 2114 257 2174 unseres
285 2103 397 2163 Amtes
426 2096 477 2156 ist,
505 2096 561 2156 und
589 2094 622 2154 zu
651 2091 763 2151 reden,
786 2091 859 2151 was
882 2089 943 2149 wir
977 2088 1033 2148 auf
1056 2085 1145 2145 unser

138 2161 306 2221 Gewissen
329 2153 358 2213 zu
381 2149 514 2209 nehmen
544 2144 573 2204 im
614 2145 753 2205 Stande
783 2142 863 2202 sind.
939 2139 1015 2199 Der
1044 2133 1153 2193 Verle¬

135 2220 188 2280 ger
213 2211 259 2271 der
284 2206 354 2266 2ten
385 2197 538 2257 Ausgabe
563 2193 640 2253 hat,
671 2193 729 2253 wie
760 2191 789 2251 er
819 2193 842 2253 in
884 2192 979 2252 seinem
1021 2187 1133 2247 Vorbe

133 2263 231 2323 richte
250 2252 428 2312 anführet,
454 2246 515 2306 das
540 2241 638 2301 Recht
664 2240 718 2300 zur
744 2240 1002 2300 Veranstaltung
1034 2235 1151 2295 dersel¬

138 2315 191 2375 ben
221 2312 268 2372 der
293 2301 530 2361 Freundschaft
549 2291 601 2351 des
632 2291 762 2351 vorigen
792 2291 970 2351 Verlegers
1006 2288 1035 2348 zu
1072 2288 1124 2348 dan

134 2364 212 2424 ken.
261 2356 309 2416 In
340 2354 388 2414 der
413 2344 626 2404 Standrede,
651 2339 765 2399 welche
790 2340 815 2400 er
846 2341 894 2401 der
919 2339 1009 2399 ersten
1040 2336 1155 2396 Aufla¬

138 2414 173 2474 ge
198 2411 222 2471 in
253 2402 512 2462 bestmöglichster
537 2390 645 2450 Kürze
664 2390 754 2450 hält,
779 2393 929 2453 wundert
948 2390 971 2450 er
996 2386 1068 2446 sich,
1087 2384 1141 2444 daß

138 2459 191 2519 des
222 2452 453 2512 entschiedenen
491 2440 627 2500 Werths
664 2440 878 2500 ohngeachtet
902 2439 985 2499 diese
1010 2434 1152 2494 Schrift

142 2506 275 2566 dennoch
297 2502 319 2562 so
348 2499 442 2559 lange
464 2488 675 2548 unvergriffen
709 2493 892 2553 geblieben,
921 2488 982 2548 und
1010 2482 1148 2542 gründet

143 2557 188 2617 die
207 2554 369 2614 Hofnung
398 2544 485 2604 eines
509 2539 677 2599 schnellern
706 2542 863 2602 Abgangs
893 2539 950 2599 auf
980 2533 1026 2593 die
1050 2533 1153 2593 Mey¬

144 2608 260 2668 nung,
285 2601 335 2661 die
360 2597 390 2657 er
415 2594 471 2654 für
502 2589 557 2649 kein
595 2589 798 2649 Vorurtheil
824 2590 921 2650 hält,
965 2585 1021 2645 daß
1052 2581 1150 2641 näm¬

140 2657 202 2717 lich
238 2651 286 2711 der
322 2646 398 2706 gute
434 2638 630 2698 Geschmack
652 2638 714 2698 und
750 2639 798 2699 die
835 2638 1030 2698 Neigung,
1066 2632 1142 2692 gute

130 2705 305 2765 Schriften
344 2696 374 2756 zu
413 2688 531 2748 lesen,
570 2685 670 2745 unter
708 2685 758 2745 den
802 2690 978 2750 Deutschen
1016 2682 1135 2742 immer
1179 2679 1348 2739 Verfasser
1374 2681 1424 2741 des
1450 2685 1637 2745 Jünglings
1663 2679 1750 2739 sind,
1776 2679 1838 2739 und
1864 2678 2002 2738 obgleich
2034 2682 2178 2742 mancher

143 2752 397 2812 ausgebreiteter
420 2741 482 2801 und
505 2733 714 2793 allgemeiner
738 2735 856 2795 werde.
919 2736 1037 2796 Seine
1061 2730 1150 2790 Hof¬

136 2812 224 2872 nung
250 2803 287 2863 ist
307 2798 394 2858 unser
420 2787 697 2847 wohlgemeynter
717 2787 880 2847 Wunsch,
906 2786 1038 2846 welchen
1070 2784 1132 2844 man

146 2861 204 2921 uns
230 2858 331 2918 wegen
365 2849 415 2909 des
451 2841 738 2901 unzweifelhaften
764 2841 924 2901 Vorzugs
950 2839 1051 2899 dieser
1077 2834 1152 2894 Wo=

1189 1261 1393 1321 chenschrift,
1417 1258 1462 1318 die
1486 1255 1678 1315 ohnfehlbar
1708 1255 1789 1315 einen
1819 1255 1935 1315 andern
1965 1255 2017 1315 als
2041 1255 2087 1315 den
2123 1258 2203 1318 sonst

1187 1309 1334 1369 üblichen
1372 1306 1504 1366 Namen
1552 1303 1636 1363 einer
1673 1306 1889 1366 beliebten
1932 1306 2128 1366 verdienet,
2165 1308 2191 1368 so

1191 1354 1285 1414 leicht
1305 1354 1384 1414 nicht
1405 1353 1553 1413 verargen
1583 1352 1681 1412 wird.

1235 1402 1314 1462 Der
1339 1403 1536 1463 Charakter,
1549 1402 1580 1462 in
1605 1402 1740 1462 welchen
1766 1400 1845 1460 diese
1870 1400 2005 1460 Schrift
2025 1402 2197 1462 abgefasset

1180 1449 1336 1509 worden,
1370 1450 1409 1510 ist
1443 1451 1487 1511 ein
1521 1452 1789 1512 wohlgezogener
1823 1449 2018 1509 Jüngling,
2046 1454 2197 1514 welcher,

1183 1503 1316 1563 obgleich
1352 1500 1415 1560 sein
1451 1500 1572 1560 erstes
1609 1502 1672 1562 und
1702 1500 1847 1560 letztes
1877 1500 1981 1560 Wort

1315 1566 1320 1626 -
1370 1569 1382 1629 —
1438 1572 1541 1632 Unsre
1567 1574 1794 1634 Wissenschaft
1826 1575 1862 1635 ist
1887 1575 2028 1635 Freude,

1277 1625 1349 1685 Und
1381 1625 1479 1685 unsre
1504 1625 1620 1685 Kunst
1645 1625 1884 1685 Gefälligkeit.

1184 1704 1239 1764 ist;
1265 1705 1438 1765 jedennoch
1464 1703 1538 1763 auch
1563 1703 1613 1763 für
1632 1703 1712 1763 einen
1743 1703 1979 1763 wohlbestalten
2005 1702 2203 1762 Hypochon=

1197 1757 1246 1817 der
1274 1757 1329 1817 das
1358 1756 1505 1816 Nöthige
1527 1755 1667 1815 besorgt,
1696 1754 1751 1814 und
1786 1754 1835 1814 bey
1864 1754 1933 1814 aller
1962 1754 2053 1814 seiner
2075 1754 2200 1814 Freu¬

1185 1800 1234 1860 de
1262 1802 1323 1862 und
1356 1801 1667 1861 Gefalligkeit
1706 1802 1788 1862 einen
1828 1799 1933 1859 Ernst
1966 1802 2188 1862 anzunehmen

1175 1839 1285 1899 weiß,
1310 1840 1363 1900 der
1392 1840 1445 1900 ihm
1489 1842 1667 1902 vortreflich
1701 1840 1802 1900 steht.
1866 1843 1942 1903 Der
1977 1846 2058 1906 liebe
2093 1849 2189 1909 junge

1187 1885 1324 1945 Mensch
1356 1887 1472 1947 spricht
1493 1885 1646 1945 zuweilen
1678 1885 1704 1945 so
1736 1888 1883 1948 altklug,
1915 1888 1962 1948 als
1994 1891 2036 1951 ein
2074 1893 2189 1953 Buch;

1184 1935 1274 1995 allein
1307 1933 1333 1993 er
1360 1936 1556 1996 verläugnet
1584 1935 1632 1995 bey
1669 1933 1764 1993 diesem
1814 1934 1956 1994 gesetzten
1984 1938 2095 1998 Wesen
2133 1944 2202 2004 nie¬

1188 1984 1301 2044 mals,
1324 1984 1381 2044 daß
1410 1984 1437 2044 er
1460 1984 1499 2044 ein
1534 1984 1698 2044 Jüngling
1721 1984 1777 2044 ist.
1823 1981 1913 2041 Was
1936 1987 2033 2047 seinen
2062 1989 2191 2049 Scherz

1188 2034 1323 2094 betrift;
1347 2035 1374 2095 so
1398 2034 1437 2094 ist
1460 2031 1590 2091 derselbe
1619 2034 1788 2094 dergestalt
1818 2031 1840 2091 in
1869 2032 2004 2092 Züchten
2039 2034 2100 2094 und
2124 2036 2191 2096 Eh¬

1182 2085 1230 2145 ren
1263 2082 1490 2142 eingerichtet,
1518 2084 1572 2144 daß
1600 2083 1735 2143 ehrbare
1763 2082 1893 2142 Mütter
1920 2082 1968 2142 ihn
2007 2082 2066 2142 auf
2094 2087 2185 2147 unser

1180 2133 1280 2193 Wort
1303 2134 1476 2194 immerhin
1504 2133 1565 2193 mit
1582 2133 1671 2193 ihren
1700 2136 1856 2196 Töchtern
1884 2133 1968 2193 allein
2002 2133 2091 2193 laßen
2125 2139 2197 2199 mö¬

1175 2187 1259 2247 gen.
1305 2186 1481 2246 Kranke
1510 2185 1674 2245 Frauen
1709 2187 1822 2247 mögen
1851 2186 1896 2246 sich
1925 2185 1981 2245 mit
2004 2184 2094 2244 neuen
2123 2187 2191 2247 An¬

1188 2234 1339 2294 driennen
1367 2234 1415 2294 die
1437 2234 1507 2294 Zeit
1530 2235 1730 2295 vertreiben;
1758 2234 1817 2294 wir
1844 2237 2007 2297 begnügen
2035 2237 2116 2297 uns,
2132 2238 2197 2298 die¬

1185 2288 1212 2348 se
1235 2285 1311 2345 neue
1335 2285 1473 2345 Auflage
1496 2285 1550 2345 des
1573 2288 1767 2348 Jünglings
1795 2288 1822 2348 zu
1851 2288 1900 2348 den
1940 2285 2194 2345 liebenswürdi¬

1183 2338 1239 2398 gen
1267 2333 1403 2393 Händen
1432 2333 1551 2393 artiger
1579 2339 1954 2399 Philippinchens
1983 2338 2016 2398 zu
2050 2339 2191 2399 empfeh¬

1177 2387 1248 2447 len,
1276 2382 1325 2442 die
1343 2384 1531 2444 vernünftig
1554 2387 1653 2447 genug
1682 2387 1759 2447 sind,
1787 2387 1870 2447 einem
1915 2387 2120 2447 Jünglinge,
2137 2387 2186 2447 der

1179 2435 1242 2495 wie
1264 2432 1311 2492 der
1338 2432 1464 2492 unsrige
1496 2435 1612 2495 denkt,
1639 2437 1724 2497 einen
1751 2436 1819 2496 Kuß
1856 2435 1940 2495 ohne
1962 2435 2183 2495 Schamröthe

1180 2486 1212 2546 zu
1245 2479 1417 2539 verehren.
1484 2484 1580 2544 Bald
1614 2488 1717 2548 hätten
1755 2485 1814 2545 wir
1842 2482 1895 2542 bey
1928 2479 2026 2539 dieser
2059 2485 2177 2545 kleinen

1185 2530 1383 2590 Galanterie
1412 2533 1603 2593 anzuzeigen
1643 2536 1829 2596 vergessen,
1864 2530 1920 2590 daß
1954 2533 2185 2593 "Cramer,

1201 2579 1447 2639 Rabener,
1493 2587 1728 2647 Giesecke,

1770 2578 1907 2638 Ebert
1949 2578 2010 2638 und
2062 2584 2184 2644 andere

1190 2631 1473 2691 "Schriftsteller,
1497 2637 1549 2697 die
1580 2638 1632 2698 der
1668 2629 1833 2689 Ewigkeit
1864 2629 1963 2689 gewiß
1993 2632 2099 2692 sind,"
2135 2633 2181 2693 die

1177 2730 1287 2790 Autor
1315 2730 1348 2790 an
1382 2736 1559 2796 Schriften
1593 2730 1687 2790 dieser
1715 2727 1776 2787 Art
1804 2727 1848 2787 ein
1882 2730 2053 2790 Miedling
2087 2730 2187 2790 wird,

1180 2781 1240 2841 und
1274 2780 1362 2840 wenn
1397 2781 1430 2841 er
1458 2784 1507 2844 den
1541 2781 1641 2841 Wolf
1669 2778 1808 2838 kommen
1847 2780 1946 2840 sieht,
1975 2780 2113 2840 fleucht;
2153 2781 2185 2841 so

1188 2832 1248 2892 sind
1275 2831 1407 2891 dennoch
1435 2836 1481 2896 die
1502 2833 1675 2893 genannten
1709 2829 1862 2889 Männer
1890 2829 1942 2889 von
1970 2829 1995 2889 je
2023 2830 2075 2890 her
2089 2829 2189 2889 gute

2090 2881 2183 2941 Hir
