2479 3508
229 306 397 366 vielfach,
428 308 494 368 und
525 306 555 366 zu
592 306 663 366 sehr
694 305 761 365 mit
786 306 942 366 einander
973 306 1172 366 verknüpft,
1197 305 1245 365 als

220 358 278 418 daß
316 358 374 418 wir
407 360 664 420 umständlicher
697 354 853 414 derselben
891 355 1062 415 erwähnen
1101 357 1255 417 könnten.

236 404 359 464 Gewiß
387 404 424 464 ist
441 407 500 467 es,
528 407 582 467 daß
609 407 711 467 man,
734 404 798 464 wie
821 404 869 464 der
902 404 971 464 Hr.
994 404 1042 464 D.
1064 404 1258 464 Albrecht

236 455 262 515 in
296 455 344 515 der
366 452 518 512 Vorrede
551 455 643 515 sagt,
671 455 768 515 vieles
802 454 828 514 in
862 452 959 512 diesem
998 452 1117 512 Werke
1145 452 1247 512 finden

232 506 363 566 werde,
389 506 455 566 was
486 505 552 565 man
583 505 607 565 in
639 503 756 563 andern
792 503 969 563 vergebens
995 505 1076 565 sagt.
1143 503 1259 563 Kostet

237 604 260 664 in
291 604 416 664 Elbing
441 603 506 663 und
537 604 650 664 Mitau
687 604 699 664 3
723 606 764 666 fl.

600 712 911 772 Magdeburg.

290 772 366 832 Bey
394 769 700 829 Commercienrath
723 772 860 832 Hechtel
882 775 920 835 ist
937 772 1084 832 gedruckt
1107 772 1167 832 und
1200 766 1271 826 ver¬

236 821 330 881 legt:
370 819 464 879 Der
492 817 665 877 Greis,
688 820 760 880 7ter
783 819 900 879 Theil.
956 820 1017 880 Da
1045 819 1156 879 unsere
1179 816 1262 876 Leser

241 870 360 930 bereits
383 867 480 927 diesen
514 867 667 927 ehrlichen
695 867 787 927 Alten
815 870 962 930 kennen,
990 869 1050 929 und
1089 868 1148 928 wir
1176 867 1268 927 selbst

244 922 297 982 dem
336 918 444 978 62sten
472 915 575 975 Stück
602 918 727 978 unserer
749 921 880 981 Zeitung
907 921 934 981 zu
962 920 1059 980 Folge
1081 918 1135 978 das
1163 915 1271 975 unsri¬

244 974 281 1034 ge
304 972 330 1032 zu
363 969 460 1029 dieser
483 969 743 1029 Bekanntschaft
765 969 1003 1029 beygetragen;
1026 968 1052 1028 so
1080 966 1183 1026 bleibt
1199 965 1259 1025 uns

244 1019 298 1079 bey
326 1016 379 1076 der
403 1014 648 1074 Ankündigung
676 1016 724 1076 des
753 1013 823 1073 7ten
857 1013 971 1073 Theils
1004 1013 1103 1073 dieser
1131 1016 1255 1076 vorzüg

251 1067 342 1127 lichen
370 1063 623 1123 Wochenschrift
640 1062 742 1122 nichts
764 1061 812 1121 als
840 1061 882 1121 die
905 1061 1131 1121 Versicherung
1159 1064 1271 1124 übrig,

241 1116 297 1176 daß
337 1115 386 1175 der
415 1109 521 1169 Greis
550 1112 599 1172 die
628 1110 880 1170 Bemühungen
919 1112 997 1172 seine
1020 1112 1199 1172 Nachwelt
1228 1112 1255 1172 zu

250 1163 465 1223 unterrichten
494 1162 550 1222 auf
573 1162 618 1222 die
642 1160 851 1220 angefangne
875 1160 936 1220 Art
954 1157 1113 1217 fortsetze.
1165 1160 1260 1220 Noch

244 1216 314 1276 lebt
336 1213 395 1273 also
423 1213 520 1273 dieser
548 1213 677 1273 Greis,
705 1212 764 1272 und
803 1210 873 1270 noch
906 1211 1057 1271 sammelt
1085 1209 1112 1269 er
1145 1208 1264 1268 Kräfte

251 1264 404 1324 christlich
433 1266 489 1326 und
518 1264 659 1324 gottselig
682 1263 715 1323 zu
750 1263 846 1323 seinem
892 1261 1016 1321 Enkel,
1045 1260 1180 1320 welches
1215 1258 1259 1318 ein

254 1315 340 1375 jeder
368 1314 464 1374 seiner
487 1314 573 1374 Leser
596 1315 655 1375 ist,
683 1315 709 1375 zu
742 1315 850 1375 reden,
878 1312 986 1372 damit
1003 1309 1100 1369 dieser
1122 1311 1181 1371 sein
1209 1309 1273 1369 En¬

254 1363 302 1423 kel
330 1363 432 1423 seinem
476 1362 653 1422 Beyspiele
681 1363 821 1423 folgen,
854 1363 912 1423 und
946 1363 1053 1423 tragen
1086 1363 1177 1423 möge
1210 1360 1269 1420 mit

257 1412 361 1472 Ehren
396 1413 511 1473 graues
540 1411 650 1471 Haar.
706 1413 761 1473 In
795 1413 844 1473 dem
884 1410 994 1470 80sten
1023 1413 1177 1473 Stücke,
1200 1410 1277 1470 wel¬

248 1459 322 1519 ches
349 1461 402 1521 das
429 1461 476 1521 3te
503 1458 598 1518 dieses
635 1460 704 1520 7ten
737 1458 853 1518 Theils
880 1461 1075 1521 ausmacht,
1102 1461 1272 1521 erscheinet

244 1509 281 1569 er
303 1512 352 1572 als
374 1512 417 1572 ein
440 1510 662 1570 Podagraist,
684 1511 743 1571 und
771 1509 885 1569 mithin
918 1511 945 1571 in
972 1509 1059 1569 einer
1087 1512 1260 1572 Situation

251 1557 284 1617 in
312 1560 361 1620 der
389 1560 417 1620 er
440 1560 489 1620 sich
517 1560 617 1620 seinen
651 1560 749 1620 Lesern
778 1560 916 1620 zeithero
945 1560 1011 1620 noch
1039 1561 1122 1621 nicht
1150 1560 1271 1620 gezeigt

251 1608 330 1668 hat.
375 1608 459 1668 Wir
477 1608 611 1668 glauben
646 1608 696 1668 zur
719 1608 865 1668 Anzeige
894 1608 989 1668 dieser
1012 1609 1271 1669 Wochenschrift

249 1658 351 1718 nichts
374 1658 575 1718 hinzufügen
603 1658 630 1718 zu
663 1655 810 1715 können,
838 1655 952 1715 wovon
980 1655 1061 1715 nicht
1084 1658 1198 1718 unsere
1225 1655 1274 1715 Le¬

252 1707 301 1767 ser
335 1706 452 1766 bereits
492 1703 628 1763 vorhero
658 1703 839 1763 überzeugt
864 1703 922 1763 und
957 1703 1167 1763 unterrichtet
1197 1702 1260 1762 seyn

258 1752 386 1812 sollten.
433 1750 551 1810 Kostet
578 1748 603 1808 in
640 1745 877 1805 vorbemeldten
918 1747 1130 1807 Kanterschen
1167 1745 1279 1805 Buch¬

259 1799 473 1859 handlungen
505 1796 516 1856 1
547 1796 584 1856 fl.

558 2025 944 2085 Fortsetzung

307 2109 364 2169 des
390 2109 569 2169 Auszuges
595 2107 659 2167 aus
686 2106 736 2166 den
770 2103 936 2163 gelehrten
968 2106 1160 2166 Beyträgen
1187 2105 1211 2165 zu

461 2169 519 2229 den
546 2169 721 2229 Rigischen
754 2169 922 2229 Anzeigen
956 2169 1066 2229 1762.

261 2317 295 2377 I.
316 2318 460 2378 Stück.
509 2318 790 2378 "Erinnerungen
832 2320 887 2380 bey
922 2321 976 2381 dem
1032 2321 1176 2381 Wechsel
1211 2317 1265 2377 der

285 2369 434 2429 Jahre."
510 2364 590 2424 Die
620 2366 856 2426 wohlgedachte
885 2372 1110 2432 Abhandlung
1139 2369 1179 2429 ist
1208 2369 1265 2429 aus

249 2418 301 2478 den
339 2417 697 2477 Hannöverschen
735 2417 894 2477 gelehrten
921 2420 1113 2480 Beyträgen
1151 2418 1273 2478 entleh¬

251 2468 323 2528 net.
374 2467 446 2527 Sie
469 2467 547 2527 stellt
575 2464 726 2524 folgende
749 2464 848 2524 Sätze
883 2468 944 2528 mit
972 2470 1173 2530 fruchtbaren
1201 2467 1279 2527 Fol¬

255 2521 315 2581 gen
343 2518 420 2578 vor:
448 2512 498 2572 Es
521 2515 559 2575 ist
581 2515 619 2575 ein
648 2512 769 2572 GOtt,
792 2512 891 2572 GOtt
914 2518 946 2578 ist
969 2518 1013 2578 die
1036 2518 1146 2578 Liebe,
1169 2516 1273 2576 GOtt

254 2568 292 2628 ist
321 2566 370 2626 der
405 2568 504 2628 einige
532 2566 699 2626 Schöpfer
722 2563 783 2623 und
811 2565 961 2625 Erhalter
996 2569 1100 2629 unsers
1129 2569 1273 2629 Glücks,

254 2614 364 2674 GOtt
380 2617 459 2677 wird
486 2617 544 2677 alle
565 2615 708 2675 richten,
735 2611 793 2671 wir
820 2611 883 2671 sind
910 2617 1105 2677 Menschen.

304 2664 353 2724 II.
370 2664 496 2724 Stück.
547 2664 590 2724 1)
619 2663 817 2723 "Gedanken
862 2658 939 2718 über
973 2662 1023 2722 die
1056 2664 1260 2724 Schöpfung

265 2713 336 2773 "der
364 2712 453 2772 Welt
481 2715 541 2775 aus
576 2710 736 2770 Nichts."
803 2709 880 2769 Der
914 2709 1074 2769 Verfasser
1103 2715 1269 2775 bestreitet

246 2764 462 2824 insbesondre
484 2763 532 2823 die
559 2762 829 2822 platonische
856 2761 1094 2821 Ewigkeit,
1116 2763 1195 2823 weil
1217 2761 1264 2821 die

253 2814 406 2874 Materie
427 2811 532 2871 GOtt
549 2813 770 2873 einschränkt,
797 2809 859 2869 und
892 2809 1097 2869 ohnmächtig
1129 2814 1266 2874 machet,

257 2864 304 2924 ihm
347 2865 394 2925 die
419 2864 570 2924 Freyheit
595 2864 642 2924 des
668 2864 812 2924 Willens
842 2861 1029 2921 benimmt,
1054 2865 1108 2925 das
1145 2867 1265 2927 höchste

1289 303 1398 363 Recht
1428 303 1508 363 über
1539 305 1585 365 die
1620 312 1800 372 Kreaturen
1841 312 2003 372 entreißt,
2032 309 2090 369 und
2126 312 2177 372 ihm
2224 315 2311 375 einen

1294 357 1403 417 todten
1438 357 1559 417 Götzen
1601 360 1658 420 zur
1694 363 1797 423 Seite
1827 363 1919 423 setzt,
1943 363 2070 423 folglich
2111 360 2197 420 seine
2227 364 2319 424 Ehre

1295 405 1439 465 kränket.
1490 401 1562 461 Die
1585 408 1785 468 Schöpfung
1814 412 1869 472 aus
1898 411 2019 471 Nichts
2042 410 2081 470 ist
2099 410 2142 470 ein
2165 409 2315 469 Wunder

1292 453 1356 513 aus
1388 455 1436 515 der
1463 455 1655 515 Vernunft.
1704 461 1810 521 GOtt
1832 461 1901 521 will
1923 461 1992 521 hier
2014 461 2040 521 in
2073 461 2120 521 der
2153 458 2329 518 Haushal¬

1295 504 1372 564 tung
1401 506 1500 566 seiner
1523 506 1645 566 Gnade
1679 509 1767 569 allein
1807 511 1856 571 die
1879 506 1967 566 Ehre
1996 511 2123 571 haben.
2179 509 2323 569 (Ephes.

238 557 261 617 in
292 557 339 617 der
364 554 582 614 Kanterschen
613 554 878 614 Buchhandlung
909 555 1047 615 allhier,
1084 554 1145 614 wie
1176 555 1247 615 auch
1290 554 1435 614 2=20.)
1484 557 1532 617 2)
1563 557 1646 617 Man
1677 560 1750 620 kann
1781 560 1846 620 noch
1883 557 2021 617 grössere
2047 560 2324 620 Progressionen,

1300 602 1348 662 als
1381 601 1424 661 die
1457 607 1814 667 geometrischen,
1841 613 1966 673 machen
1993 611 2079 671 durch
2118 612 2188 672 eine
2210 610 2317 670 Reihe

1302 652 1563 712 quadrirter
1593 658 1740 718 Zahlen.

1335 717 1371 777 z.
1389 715 1431 775 E.
1461 715 1497 775 2.
1521 718 1563 778 4.
1587 720 1629 780 8.
1665 718 1724 778 16.
1779 721 1844 781 32.
1905 718 2072 778 geometr.
2085 721 2318 781 Progression.

1470 766 1505 826 2.
1536 768 1572 828 4.
1603 769 1662 829 16.
1675 769 1759 829 256.
1784 770 1922 830 65536.
1935 769 2152 829 quadratische

1304 819 1354 879 Es
1380 825 1505 885 bezieht
1524 825 1575 885 sich
1601 828 1669 888 dies
1695 828 1751 888 auf
1771 828 1821 888 N.
1834 829 1909 889 XII.
1929 830 2041 890 1761.

1343 882 1411 942 III.
1429 885 1560 945 Stück.
1606 889 1858 949 "Betrachtung
1887 891 1943 951 von
1978 891 2029 951 dem
2064 892 2298 952 Herzklopfen.

1302 933 1383 993 Man
1416 937 1541 997 erzählt
1558 936 1655 996 zwölf
1677 939 1829 999 Ursachen
1857 939 2035 999 desselben,
2069 943 2226 1003 darunter
2253 942 2323 1002 Hy=

1307 984 1523 1044 pochondrie,
1555 987 1839 1047 Vollblütigkeit,
1871 986 1918 1046 ein
1950 990 2134 1050 Polypus,
2156 992 2318 1052 Würmer

1300 1031 1372 1091 oder
1398 1034 1522 1094 Steine
1549 1034 1574 1094 im
1611 1034 1735 1094 Herzen
1762 1034 1808 1094 die
1839 1034 2103 1094 beträchtlichsten
2135 1040 2212 1100 sind.
2265 1039 2311 1099 Es

1306 1080 1392 1140 giebt
1430 1079 1495 1139 eine
1528 1079 1743 1139 Wassersucht
1771 1082 1825 1142 des
1859 1082 2107 1142 Herzbeutels,
2129 1084 2193 1144 wie
2221 1085 2329 1145 Tul¬

1294 1130 1398 1190 pius
1428 1130 1556 1190 genung
1586 1133 1760 1193 erwiesen,
1785 1135 1844 1195 aus
1874 1133 1967 1193 dessen
1998 1133 2220 1193 auserlesenen
2251 1133 2324 1193 me¬

1307 1178 1562 1238 dicinischen
1597 1184 1961 1244 Wahrnehmung
1995 1184 2063 1244 man
2092 1184 2165 1244 auch
2195 1184 2234 1244 ein
2263 1184 2325 1244 Re¬

1303 1228 1371 1288 cept
1393 1230 1489 1290 gegen
1521 1231 1574 1291 das
1602 1234 1815 1294 Herzklopfen
1847 1234 2012 1294 vortragt.

1345 1289 1409 1349 IV.
1438 1294 1566 1354 Stück.
1625 1297 1671 1357 1)
1695 1297 1747 1357 Ob
1782 1297 2080 1357 Angelsachsen
2115 1297 2190 1357 oder
2220 1297 2319 1357 andre

1303 1342 1490 1402 deutsche
1536 1345 1701 1405 Völker
1741 1345 1818 1405 nach
1863 1345 2018 1405 Taciti
2057 1346 2240 1406 Meynung
2285 1347 2312 1407 in

1305 1393 1421 1453 Lief=
1444 1393 1523 1453 und
1560 1396 1752 1456 Curland
1789 1395 1847 1455 vor
1874 1396 1985 1456 Alters
2018 1396 2177 1456 gewohnt
2204 1396 2326 1456 haben,

1306 1440 1372 1500 wie
1400 1443 1466 1503 alte
1510 1443 1698 1503 deutsche
1738 1446 1941 1506 sächsische
1981 1446 2157 1506 Wörter
2197 1443 2224 1503 in
2269 1443 2318 1503 die

1301 1493 1494 1553 lettische
1524 1494 1678 1554 Sprache
1701 1494 1919 1554 gekommen;
1942 1494 2131 1554 imgleichen
2159 1494 2331 1554 griechi¬

1316 1542 1385 1602 sche
1421 1542 1482 1602 und
1517 1542 1637 1602 andere
1664 1544 1789 1604 fremde
1820 1542 1971 1602 Wörter.
2022 1542 2102 1602 Das
2138 1542 2214 1602 erste
2244 1542 2319 1602 wird

1306 1593 1359 1653 für
1382 1593 1512 1653 möͤglich
1540 1595 1719 1655 gehalten,
1747 1593 1806 1653 von
1834 1595 1882 1655 dem
1926 1593 2040 1653 andern
2073 1593 2132 1653 sind
2160 1592 2328 1652 verschied=

1306 1638 1350 1698 ne
1373 1640 1577 1700 Beyspiele,
1605 1642 1638 1702 z.
1655 1642 1705 1702 E.
1727 1640 1826 1700 look,
1855 1640 1882 1700 im
1927 1642 2032 1702 Engl.
2060 1641 2120 1701 und
2149 1641 2314 1701 Lettischen

1307 1685 1459 1745 sehen,
1484 1682 1576 1742 Gune
1611 1685 1699 1745 engl.
1724 1685 1885 1745 Feuer,
1905 1685 2017 1745 lettisch
2052 1683 2184 1743 Vagun.
2258 1685 2316 1745 Ale

1309 1727 1401 1787 engl.
1421 1724 1555 1784 Bier,
1589 1729 1701 1789 lettisch
1734 1727 1850 1787 Allus,
1874 1727 1953 1787 Bärn
1987 1727 2014 1787 in
2052 1730 2168 1790 beyden
2206 1733 2327 1793 Spra¬

1311 1769 1377 1829 chen
1422 1772 1460 1832 ein
1494 1773 1633 1833 Kind,
1667 1774 1805 1834 Lehkt
1828 1775 1855 1835 im
1912 1775 2073 1835 Lettischen
2107 1781 2328 1841 springen,

1311 1820 1375 1880 wie
1403 1822 1430 1882 im
1479 1823 1555 1883 alten
1593 1825 1929 1885 Niedersächsischen.
1973 1828 2157 1888 Lebketais
2190 1831 2233 1891 ein
2266 1831 2330 1891 La¬

1299 1875 1402 1935 kay.
1449 1876 1604 1936 Gerbt
1622 1879 1650 1939 im
1692 1879 1887 1939 Lettischen,
1911 1881 1962 1941 sich
1986 1884 2239 1944 ankleiden,
2269 1884 2320 1944 da¬

1300 1923 1361 1983 her
1398 1927 1455 1987 das
1492 1927 1559 1987 alte
1590 1927 1693 1987 Wort
1725 1931 2109 1991 Garvekammer,
2156 1933 2233 1993 oder
2270 1933 2316 1993 die

1302 1975 1615 2035 Dreßkammer
1647 1977 1673 2037 in
1706 1978 1864 2038 Kirchen.
1929 1981 2013 2041 Auch
2045 1980 2103 2040 aus
2125 1981 2178 2041 dem
2215 1981 2321 2041 Fran¬

1307 2025 1449 2085 zösischen
1482 2025 1539 2085 sind
1566 2025 1819 2085 Abkömmlinge
1847 2026 1904 2086 von
1931 2029 2084 2089 Wörtern
2111 2028 2322 2088 vorhanden,

1292 2076 1330 2136 z.
1347 2076 1395 2136 E.
1418 2074 1608 2134 Reddel,
1636 2076 1783 2136 Ridelle,
1805 2079 1908 2139 Leiter
1936 2079 1968 2139 am
2007 2079 2154 2139 Wagen,
2182 2076 2317 2136 Lakkat,

1303 2124 1486 2184 Locquette
1514 2124 1556 2184 ein
1589 2124 1724 2184 Stückl.
1746 2126 1848 2186 Tuch.
1913 2123 1988 2183 Die
2016 2130 2220 2190 Griechen
2259 2130 2323 2190 ha¬

1300 2172 1408 2232 ben,
1440 2172 1491 2232 bis
1523 2172 1553 2232 in
1585 2173 1636 2233 die
1663 2176 1813 2236 Krimm
1865 2175 1927 2235 und
1959 2178 2150 2238 Ukraine
2182 2178 2316 2238 Handel

1306 2223 1495 2283 getrieben,
1528 2223 1630 2283 imgl.
1652 2225 1717 2285 mit
1739 2226 1793 2286 den
1831 2226 2026 2286 Preußen
2064 2229 2129 2289 und
2162 2226 2307 2286 Esthen

1310 2270 1473 2330 (Oestüt)
1490 2270 1547 2330 und
1574 2273 1631 2333 also
1654 2276 1790 2336 Spuren
1822 2273 1906 2333 ihrer
1928 2273 2075 2333 Sprache
2097 2276 2318 2336 hinterlaßen.

1300 2321 1347 2381 2)
1374 2321 1517 2381 Anzeige
1545 2321 1592 2381 des
1619 2324 1783 2384 Werkes:
1805 2324 1943 2384 ”Codex
1965 2324 2209 2384 Diplomaticus
2231 2324 2320 2384 regni

1315 2370 1487 2430 "Poloniae
1521 2369 1549 2429 et
1574 2369 1684 2429 Magni
1704 2375 1852 2435 Ducatus
1877 2372 2087 2432 Lithuaniae.
2131 2372 2250 2432 Vilnae
2284 2373 2312 2433 ex

1330 2420 1492 2480 Typogr.
1505 2418 1576 2478 reg.
1595 2419 1625 2479 et
1644 2420 1727 2480 reip.
1746 2423 1842 2483 Coll.
1861 2422 1903 2482 C.
1922 2420 1964 2480 C.
1982 2420 2024 2480 R.
2043 2420 2085 2480 R.
2109 2421 2224 2481 Schol.
2249 2422 2320 2482 Pia-

1316 2467 1387 2527 "rum
1432 2473 1536 2533 1748.
1586 2465 1658 2525 Die
1681 2472 1774 2532 ganze
1797 2470 2013 2530 Sammlung
2041 2470 2096 2530 soll
2113 2473 2173 2533 aus
2202 2474 2212 2534 8
2240 2473 2317 2533 Fol.

1306 2521 1471 2581 bestehen.
1522 2518 1595 2578 Der
1619 2516 1675 2576 Vte
1699 2522 1857 2582 Theil,
1881 2523 1937 2583 der
1966 2521 2045 2581 Lief=
2068 2521 2130 2581 und
2165 2524 2312 2584 Curland

1307 2569 1439 2629 betrift,
1463 2569 1595 2629 erschien
1637 2570 1752 2630 zuerst.
1811 2575 1886 2635 Der
1921 2572 1972 2632 P.
1997 2575 2164 2635 Dogiel
2194 2575 2228 2635 ist
2257 2575 2309 2635 der

1305 2620 1509 2680 Sammler.

1354 2663 1399 2723 V.
1418 2667 1544 2727 Stück.
1591 2664 1816 2724 "Fortsetzung
1858 2667 1909 2727 von
1950 2667 2048 2727 diesem
2089 2670 2181 2730 Cod.
2193 2667 2308 2727 Diplo-

1305 2715 1434 2775 "mat.”
1489 2714 1738 2774 Meinhard
1766 2718 1803 2778 ist
1826 2718 1906 2778 1186
1934 2718 1988 2778 ins
2005 2719 2085 2779 Land
2113 2720 2313 2780 gekommen.

1300 2763 1374 2823 Der
1396 2763 1533 2823 Bischof
1561 2766 1714 2826 Albert
1737 2766 1815 2826 trieb
1843 2769 1917 2829 alles
1944 2769 2103 2829 beneficio
2130 2766 2257 2826 rapacis
2268 2763 2315 2823 in¬

1297 2814 1440 2874 dustriae
1483 2811 1599 2871 durch.
1673 2817 1847 2877 Alterthum
1906 2817 1959 2877 der
1996 2816 2308 2876 Peterskirche

1295 2867 1356 2927 aus
1382 2864 1468 2924 einer
1494 2864 1661 2924 Urkunde.
1711 2870 1872 2930 Albert
1904 2870 2034 2930 belehnt
2060 2870 2115 2930 gar
2147 2861 2233 2921 einen
2271 2859 2320 2919 sa¬

2231 2911 2311 2971 mo-
