2479 3508
377 321 772 381 Fontainebleau,
805 321 855 381 den
895 323 958 383 28.
984 323 1098 383 Sept.

279 368 354 428 Der
377 371 448 431 Hr.
465 372 650 432 Sanches,
677 372 808 432 welcher
842 372 1043 432 verschiedne
1066 372 1180 432 Jahre
1213 372 1256 432 er¬

235 421 289 481 ster
316 419 545 479 Leibmedicus
567 419 622 479 bey
649 420 796 480 weyland
824 420 872 480 der
900 419 1052 479 Kayserin
1086 419 1249 479 Elisabeth

236 467 289 527 von
327 470 486 530 Rußland
513 468 646 528 gewesen
673 471 736 531 ist,
764 470 821 530 und
854 471 1013 531 nachhero
1045 470 1098 530 sich
1131 470 1157 530 in
1189 470 1258 530 Pa¬

231 516 277 576 ris
314 519 558 579 niedergelaßen
600 521 688 581 hat,
735 521 803 581 und
845 521 901 581 zum
954 521 1161 581 Aufnehmen
1198 521 1249 581 der

228 568 495 628 Wissenschaften
527 571 586 631 mit
613 571 661 631 den
699 570 901 630 gelehrtesten
934 572 1105 632 Mannern
1138 572 1164 632 in
1191 571 1260 631 Eu=

231 616 310 676 ropa
348 619 432 679 einen
470 619 677 679 beständigen
715 619 953 679 Briefwechsel
980 621 1171 681 unterhält,
1199 618 1256 678 hat

240 665 301 725 aus
327 667 512 727 Portugall
533 670 574 730 ein
605 667 728 727 Mittel
744 667 841 727 wider
873 669 924 729 den
955 670 1063 730 Krebs
1089 670 1258 730 erhalten.

240 715 287 775 Es
314 717 429 777 besteht
451 717 477 777 in
509 718 593 778 einer
615 718 756 778 gewissen
789 716 899 776 Erde,
931 718 983 778 die
1015 719 1041 779 in
1073 718 1257 778 Portugall

235 769 394 829 gefunden
431 767 539 827 wird,
576 769 632 829 und
669 769 714 829 als
746 769 957 829 gestampfter
989 769 1153 829 Marmor
1180 769 1262 829 aus¬

240 815 337 875 sieht.
403 819 445 879 Zu
484 816 624 876 Lissabon
657 816 699 876 ist
727 818 835 878 damit
862 819 927 879 eine
954 819 1073 879 Probe
1100 819 1132 879 an
1171 816 1257 876 einer

236 866 318 926 Frau
350 867 495 927 gemacht
516 867 666 927 worden,
692 867 738 927 die
765 867 811 927 den
843 867 946 927 Krebs
977 870 997 930 in
1029 867 1117 927 einem
1154 867 1179 927 so
1205 864 1262 924 ho¬

237 918 291 978 hen
324 915 437 975 Grade
459 916 573 976 hatte,
596 917 655 977 daß
683 916 725 976 die
748 918 861 978 Aerzte
889 918 1003 978 selbige
1036 918 1149 978 bereits
1188 914 1247 974 auf

240 966 369 1026 gegeben
401 966 525 1026 hatten.
588 963 660 1023 Bey
691 965 743 1025 dem
785 966 873 1026 ersten
904 963 1075 1023 Gebrauch
1102 966 1138 1026 ist
1164 963 1252 1023 dürch

237 1013 368 1073 dieselbe
400 1013 470 1073 eine
501 1010 710 1070 überflüßige
731 1011 949 1071 Vereiterung
986 1013 1169 1073 bewirket,
1195 1012 1255 1072 und

245 1064 289 1124 die
320 1061 456 1121 Wünde
486 1060 526 1120 ist
552 1059 577 1119 in
612 1058 723 1118 kurzer
754 1061 849 1121 Zeit,
880 1058 1015 1118 nachdem
1066 1063 1116 1123 der
1147 1062 1252 1122 Krebs

240 1112 394 1172 gleichsam
435 1109 714 1169 verschwunden,
735 1109 878 1169 geheilet
894 1109 1044 1169 worden.
1080 1111 1152 1171 Hr.
1163 1109 1260 1169 San¬

242 1160 331 1220 ches,
359 1162 485 1222 welcher
512 1160 575 1220 eine
602 1160 776 1220 Bouteille
798 1157 866 1217 voll
883 1157 983 1217 dieser
1005 1157 1089 1217 Erde
1116 1157 1264 1217 empfan¬

238 1211 294 1271 gen
323 1213 402 1273 hat,
425 1210 464 1270 ist
482 1209 533 1269 itzo
562 1210 698 1270 wirklich
727 1207 829 1267 damit
852 1209 1062 1269 beschäftigt,
1091 1207 1142 1267 die
1171 1204 1266 1264 Pro¬

243 1259 280 1319 be
302 1261 409 1321 damit
426 1261 452 1321 in
486 1261 533 1321 dem
577 1261 679 1321 Hotel
701 1261 749 1321 des
777 1261 1035 1321 Portugisischen
1063 1255 1251 1315 Gesandten

243 1309 274 1369 an
302 1309 388 1369 einer
416 1312 497 1372 Frau
524 1312 551 1372 zu
585 1312 735 1372 machen,
769 1312 811 1372 die
834 1312 920 1372 einen
953 1309 1017 1369 sehr
1040 1309 1256 1369 gefährlichen

240 1360 348 1420 Krebs
374 1360 446 1420 hat.
498 1363 590 1423 Falls
622 1363 704 1423 diese
730 1363 813 1423 Frau
850 1360 911 1420 aus
942 1360 993 1420 dem
1036 1360 1179 1420 Grunde
1211 1359 1262 1419 ge¬

236 1407 333 1467 heilet
355 1410 479 1470 werden
510 1410 624 1470 sollte,
645 1408 676 1468 so
708 1410 785 1470 wird
816 1410 884 1470 Hr.
910 1410 1065 1470 Sanches
1107 1407 1174 1467 eine
1195 1409 1267 1469 Be¬

241 1458 420 1518 schreibung
447 1460 536 1520 dieses
558 1458 812 1518 Arzneymittels
833 1459 881 1519 zum
924 1461 1034 1521 Besten
1061 1461 1109 1521 des
1130 1461 1267 1521 mensch=

247 1509 337 1569 lichen
370 1508 572 1568 Geschlechts
600 1509 743 1569 bekannt
759 1509 908 1569 machen.

470 1559 674 1619 London,
707 1559 766 1619 vom
815 1560 879 1620 25.
906 1557 1024 1617 Sept.

299 1607 453 1667 Nachdem
501 1608 552 1668 vor
578 1608 701 1668 einigen
733 1608 836 1668 Tagen
867 1608 893 1668 in
924 1608 1011 1668 einer
1038 1608 1259 1668 Generalver¬

249 1657 434 1717 sammlung
460 1655 511 1715 der
532 1655 712 1715 Gelehrten
744 1655 790 1715 die
811 1656 882 1716 drey
909 1655 1109 1715 verschiedne
1131 1655 1156 1715 in
1182 1655 1264 1715 Vor¬

248 1703 346 1763 schlag
371 1703 533 1763 gebrachte
558 1702 695 1762 Mittel,
735 1700 784 1760 die
814 1700 985 1760 Seelänge
1015 1700 1044 1760 zu
1079 1700 1260 1760 entdecken,

239 1745 390 1805 erwogen
425 1743 550 1803 worden
585 1743 662 1803 sind,
689 1745 714 1805 so
740 1745 796 1805 hat
818 1742 882 1802 man
913 1742 969 1802 von
999 1742 1086 1802 dem,
1112 1739 1180 1799 was
1215 1740 1271 1800 da¬

236 1791 287 1851 bey
319 1790 516 1850 vorgefallen
543 1788 599 1848 ist,
626 1790 823 1850 verschiedne
840 1787 1068 1847 Erzählungen
1099 1784 1146 1844 ins
1167 1787 1265 1847 Pub¬

247 1842 321 1902 licum
368 1843 534 1903 gebracht.
580 1842 660 1902 Der
684 1843 868 1903 eigentliche
892 1840 1046 1900 Vorgang
1076 1839 1110 1899 ist
1133 1837 1259 1897 dieser:

243 1894 294 1954 der
317 1894 470 1954 Erfinder
499 1894 549 1954 des
578 1894 776 1954 Seestuhls,
799 1894 872 1954 oder
896 1894 946 1954 der
975 1894 1088 1954 Chaise
1111 1893 1257 1953 Marine

237 1947 337 2007 suchte
359 1945 407 2005 die
439 1945 672 2005 Erhärtungen
710 1945 800 2005 eines
833 1945 1013 2005 Gelehrten
1046 1945 1077 2005 zu
1110 1944 1258 2004 widerle¬

241 1996 317 2056 gen,
340 1996 473 2056 welcher
496 1996 545 2056 die
574 1996 778 2056 Tüchtigkeit
801 1996 901 2056 seiner
924 1996 1107 2056 Erfindung
1135 1993 1262 2053 bestrit¬

232 2046 273 2106 ten
310 2046 413 2106 hatte.
471 2040 532 2100 Ein
570 2046 736 2106 anderer,
768 2043 902 2103 welcher
935 2042 1012 2102 über
1039 2045 1095 2105 den
1132 2043 1241 2103 Werth

236 2097 316 2157 aller
346 2096 457 2156 dreyen
502 2094 728 2154 Erfindungen
764 2094 829 2154 viel
850 2094 1076 2154 raisonnirte,
1117 2091 1242 2151 gestand

242 2146 342 2206 zwar,
369 2145 426 2205 daß
454 2142 501 2202 die
523 2142 644 2202 Chaise
666 2145 808 2205 Marine
830 2145 941 2205 dienen
968 2144 1073 2204 könte,
1100 2142 1158 2202 mit
1169 2141 1253 2201 meh¬

235 2196 289 2256 rer
311 2193 527 2253 Sicherheit,
549 2193 597 2253 als
625 2193 754 2253 bishero
787 2193 949 2253 geschehen
982 2193 1101 2253 wäre,
1134 2191 1258 2251 Obser¬

239 2243 391 2303 vationen
426 2240 454 2300 zu
488 2240 640 2300 machen;
670 2240 761 2300 allein
795 2240 823 2300 er
847 2241 1024 2301 zweifelte,
1044 2243 1081 2303 ob
1106 2241 1134 2301 es
1163 2240 1254 2300 mög¬

235 2291 287 2351 lich
320 2291 426 2351 wäre,
453 2289 500 2349 die
527 2290 708 2350 Seelänge
735 2291 825 2351 durch
868 2291 969 2351 dieses
1001 2291 1123 2351 Mittel
1150 2291 1176 2351 zu
1209 2289 1256 2349 be¬

244 2340 409 2400 stimmen,
430 2335 464 2395 es
496 2336 581 2396 wäre
606 2339 712 2399 dann,
747 2337 803 2397 daß
839 2339 888 2399 die
924 2340 1251 2400 Trabantentheorie

231 2392 312 2452 dazu
351 2387 551 2447 hinlänglich
589 2384 659 2444 seyn
692 2387 796 2447 solte,
834 2388 947 2448 woran
992 2391 1061 2451 man
1100 2387 1240 2447 zweiflen

237 2441 355 2501 müste.
416 2435 502 2495 Das
541 2435 665 2495 Mittel
693 2434 742 2494 des
775 2437 927 2497 Mondes
960 2440 1046 2500 ward
1079 2437 1242 2497 allgemein

235 2491 496 2551 angenommen,
527 2485 597 2545 man
623 2485 749 2545 machte
780 2484 850 2544 aber
876 2488 977 2548 wegen
1007 2491 1057 2551 der
1083 2488 1254 2548 Langsam¬

241 2542 303 2602 keit
320 2540 371 2600 der
400 2536 683 2596 Ausrechnungen
712 2532 842 2592 welcher
865 2536 960 2596 dieses
996 2539 1120 2599 Mittel
1149 2539 1255 2599 unter¬

236 2590 349 2650 worfen
372 2590 429 2650 ist,
452 2587 646 2647 Einwürfe.
698 2584 788 2644 Herr
811 2584 954 2644 Witchel
972 2590 1176 2650 überlieferte
1199 2592 1238 2652 ein

248 2641 402 2701 Project,
419 2638 569 2698 vermöge
592 2635 685 2695 dessen
713 2629 796 2689 diese
819 2635 984 2695 Methode
1013 2641 1040 2701 zu
1074 2641 1156 2701 einer
1190 2639 1256 2699 ein¬

238 2688 341 2748 zelnen
382 2685 583 2745 Proportion
624 2684 710 2744 durch
751 2680 797 2740 die
826 2685 1062 2745 Rechenzahlen
1092 2691 1235 2751 gebracht

235 2739 333 2799 wird,
361 2737 420 2797 und
448 2733 540 2793 dieses
574 2736 715 2796 Project
732 2730 808 2790 fand
836 2730 988 2790 Beyfall.

440 2784 719 2844 Stockholm,
747 2781 803 2841 den
843 2779 903 2839 25.
932 2784 1043 2844 Sept.

282 2835 337 2895 Da
376 2835 447 2895 Sr.
476 2836 581 2896 Maj.
609 2835 670 2895 und
703 2835 759 2895 das
793 2835 1219 2895 Reichskammercollegium

226 2888 465 2948 vernommen,
488 2886 545 2946 daß
574 2885 619 2945 ein
648 2885 785 2945 Bauer,
808 2882 967 2942 Namens
997 2887 1139 2947 Johann
1168 2888 1247 2948 Hir¬

1303 330 1440 390 wikäski
1460 334 1551 394 nebst
1571 336 1669 396 seinen
1702 342 1714 402 2
1742 342 1886 402 Söhnen
1912 343 1977 403 mit
1997 342 2108 402 großem
2141 347 2226 407 Fleiß
2253 350 2311 410 und

1299 380 1398 440 vieler
1421 383 1537 443 Arbeit
1560 388 1643 448 einen
1671 389 1765 449 neuen
1794 392 1965 452 Wohnort
1988 393 2009 453 in
2038 392 2254 452 Ostbothnien
2283 398 2310 458 in

1303 428 1387 488 einer
1414 431 1534 491 wüsten
1567 437 1708 497 Gegend
1735 445 1945 505 angebauet,
1988 446 2051 506 und
2083 443 2156 503 nach
2188 445 2288 505 seinem

1300 479 1430 539 Namen
1458 485 1641 545 benennet,
1669 489 1728 549 und
1750 494 1885 554 zugleich
1913 497 1983 557 nach
2016 497 2227 557 eingezogner
2254 496 2313 556 Er¬

1300 529 1491 589 kundigung
1526 535 1707 595 erfahren,
1747 543 1802 603 daß
1837 548 2001 608 gedachter
2035 548 2142 608 Mann
2183 545 2312 605 daselbst

1299 578 1401 638 außer
1429 583 1645 643 verschiednen
1683 590 1867 650 Gebäuden
1900 595 2029 655 allerley
2062 598 2202 658 trefliche
2230 595 2316 655 Ein¬

1295 628 1486 688 richtungen
1514 634 1682 694 gemacht;
1716 638 1743 698 so
1776 640 1835 700 hat
1863 646 1999 706 dasselbe
2027 648 2098 708 nach
2136 647 2316 707 Anleitung

1298 674 1351 734 der
1372 679 1514 739 Königl.
1531 685 1794 745 Verordnungen
1822 691 1879 751 vom
1932 694 2038 754 25sten
2075 697 2175 757 Nov.
2202 697 2312 757 1740.

1301 724 1362 784 und
1399 727 1455 787 vom
1503 730 1574 790 5ten
1611 736 1735 796 Octob.
1761 742 1875 802 1741.
1907 745 2103 805 bemeldetem
2156 748 2305 808 fleißigen

1300 777 1457 837 Anbauer
1485 778 1527 838 die
1555 787 1887 847 Schatzungs=nebst
1904 792 1989 852 einer
2012 795 2202 855 50jährigen
2230 798 2316 858 Ren=

1300 827 1476 887 tefreyheit
1500 832 1698 892 bewilliget,
1733 840 1798 900 und
1832 840 1881 900 des
1916 843 2048 903 Königs
2081 844 2181 904 Maj.
2204 846 2302 906 haben

1304 875 1388 935 nicht
1410 879 1494 939 allein
1526 882 1636 942 solches
1663 888 1868 948 genehmigt,
1895 894 2021 954 sondern
2053 894 2126 954 auch
2153 895 2221 955 eben
2248 897 2311 957 die¬

1303 924 1343 984 sen
1375 927 1508 987 Bauren
1534 933 1596 993 mit
1617 934 1699 994 einer
1725 939 1859 999 goldnen
1895 942 2060 1002 Medaille
2081 945 2276 1005 beschenket.

1492 983 1845 1043 Philadelphia,
1868 986 1925 1046 vom
1971 992 2016 1052 9.
2040 992 2130 1052 Aug.

1346 1018 1420 1078 Die
1440 1026 1568 1086 Wilden
1598 1028 1711 1088 fangen
1742 1031 1795 1091 von
1825 1033 1919 1093 neuen
1949 1037 2008 1097 an,
2028 1040 2057 1100 zu
2088 1043 2216 1103 morden
2251 1043 2309 1103 und

1299 1067 1328 1127 zu
1359 1071 1556 1131 verwüsten.
1607 1076 1744 1136 Neulich
1775 1080 1870 1140 haben
1901 1080 1936 1140 sie
1962 1082 2013 1142 bey
2043 1085 2093 1145 dem
2134 1088 2215 1148 Fort
2236 1091 2316 1151 Lau¬

1297 1116 1356 1176 don
1386 1120 1474 1180 einer
1494 1125 1696 1185 schwangern
1727 1130 1805 1190 Frau
1836 1130 1889 1190 das
1919 1130 2002 1190 Kind
2028 1132 2087 1192 aus
2122 1133 2171 1193 dem
2220 1136 2313 1196 Leibe

1297 1169 1509 1229 geschnitten.
1558 1175 1644 1235 Auch
1672 1178 1770 1238 haben
1803 1179 1835 1239 sie
1858 1179 1884 1239 in
1913 1181 1961 1241 dem
2005 1181 2162 1241 innersten
2190 1184 2233 1244 der
2255 1186 2314 1246 Co¬

1298 1216 1380 1276 lonie
1412 1222 1547 1282 nemlich
1590 1226 1715 1286 wenige
1752 1228 1882 1288 Meilen
1924 1231 1986 1291 von
2023 1231 2075 1291 dem
2128 1234 2226 1294 Fort,
2253 1236 2310 1296 das

1306 1270 1503 1330 Schulhaus
1532 1276 1730 1336 überfallen,
1759 1281 1814 1341 und
1843 1282 1893 1342 den
1928 1285 2165 1345 Schulmeister
2188 1285 2295 1345 nebst9

1300 1317 1358 1377 von
1385 1323 1485 1383 seinen
1512 1327 1703 1387 Lehrlingen
1730 1333 1910 1393 ermordet.
1959 1334 2032 1394 Der
2065 1339 2308 1399 Schulmeister

1298 1372 1441 1432 athmete
1462 1375 1531 1435 noch
1558 1378 1605 1438 als
1632 1378 1701 1438 man
1728 1381 1823 1441 hinzu
1850 1384 1934 1444 kam.
1999 1385 2077 1445 Den
2110 1387 2300 1447 Lehrlingen

1299 1422 1402 1482 waren
1434 1425 1480 1485 die
1506 1425 1640 1485 Bäuche
1661 1431 1909 1491 aufgeschnitten
1941 1431 1997 1491 und
2024 1432 2070 1492 die
2096 1437 2308 1497 Eingeweide

1301 1473 1566 1533 herausgeholt.

1639 1479 1732 1539 Zwey
1791 1481 1847 1541 von
1911 1482 2010 1542 diesen
2063 1485 2303 1545 unglücklichen

1300 1524 1574 1584 Schlachtopfern
1607 1527 1654 1587 der
1681 1527 1897 1587 barbarischen
1929 1533 2050 1593 Wuth,
2077 1534 2182 1594 waren
2215 1533 2309 1593 Söh¬

1294 1572 1330 1632 ne
1351 1572 1439 1632 eines
1471 1573 1616 1633 Vaters,
1644 1578 1773 1638 welcher
1800 1580 1852 1640 bey
1883 1581 1935 1641 dem
1972 1584 2097 1644 letztern
2134 1587 2253 1647 Kriege
2285 1593 2295 1653 4

1299 1622 1399 1682 andre
1425 1622 1551 1682 Söhne
1577 1625 1647 1685 eben
1678 1628 1703 1688 so
1729 1628 1875 1688 verloren
1906 1632 2006 1692 hatte.

1607 1736 1999 1796 AVERTISSEMENT.

1349 1771 1423 1831 Bey
1460 1774 1507 1834 dem
1555 1781 1713 1841 Verleger
1751 1784 1845 1844 dieser
1878 1790 2015 1850 Zeitung
2047 1792 2083 1852 ist
2110 1790 2141 1850 zu
2174 1795 2305 1855 haben:

1296 1826 1538 1886 Beschreibung
1578 1830 1632 1890 der
1666 1835 1969 1895 Reichskleinodien
2014 1841 2075 1901 und
2119 1846 2296 1906 Reliquien

1295 1876 1340 1936 die
1363 1879 1391 1939 in
1420 1882 1600 1942 Nürnberg
1641 1888 1697 1948 und
1726 1889 1844 1949 Aachen
1868 1893 2077 1953 aufbehalten
2106 1897 2253 1957 werden,
2270 1905 2309 1965 4,

1293 1932 1477 1992 Nürnberg
1505 1936 1590 1996 764,
1618 1939 1655 1999 12
1683 1942 1742 2002 gr.
1792 1943 1926 2003 George
1959 1948 2100 2008 Bauers
2127 1951 2305 2011 auserlese¬

1286 1981 1328 2041 ne
1350 1983 1566 2043 Neuigkerten
1599 1987 1652 2047 für
1673 1990 1731 2050 alle
1758 1993 2060 2053 Münzliebhaber,
2082 1999 2156 2059 2tes
2183 2000 2309 2060 Stuck,

1290 2031 1327 2091 4,
1355 2031 1538 2091 Nürnberg
1560 2037 1647 2097 764,
1675 2040 1717 2100 15
1739 2041 1793 2101 gr.
1842 2043 2004 2103 Versuche
2026 2046 2047 2106 im
2086 2046 2215 2106 Singen
2237 2049 2296 2109 und

1294 2080 1448 2140 Dichten,
1471 2082 1509 2142 8,
1537 2087 1753 2147 Magdeburg
1781 2091 1869 2151 763,
1898 2093 1936 2153 27
1964 2095 2013 2155 gr.
2064 2097 2191 2157 Briefe
2219 2097 2296 2157 über

1292 2130 1340 2190 die
1357 2130 1480 2190 neueste
1503 2130 1643 2190 Moral,
1666 2136 1741 2196 4tes
1774 2137 1849 2197 St.
1871 2142 1908 2202 8,
1936 2144 1974 2204 12
1996 2145 2050 2205 gr.
2099 2145 2169 2205 Auf
2191 2148 2293 2208 Herrn

1293 2178 1344 2238 D.
1376 2178 1520 2238 Arnolds
1556 2183 1742 2243 Homiletik
1773 2185 1855 2245 wird
1892 2191 1907 2251 1
1939 2190 1979 2250 fl.
2006 2196 2289 2256 Pränumeration

1291 2229 1552 2289 angenommen,
1599 2232 1664 2292 und
1694 2237 1815 2297 können
1856 2237 1906 2297 die
1937 2240 2063 2300 Herren
2109 2248 2305 2308 Pränume¬

1286 2278 1399 2338 ranten
1436 2278 1490 2338 den
1527 2279 1623 2339 ersten
1660 2286 1774 2346 Bogen
1806 2291 1937 2351 sogleich
1968 2291 1998 2351 in
2029 2294 2191 2354 Empfang
2222 2297 2306 2357 neh=

1285 2330 1383 2390 men.

1296 2423 1630 2483 Wechsel-Cours
1652 2423 1658 2483 &
1714 2432 1860 2492 Species
1882 2433 1916 2493 d.
1930 2436 1999 2496 18.
2014 2436 2160 2496 Octob.
2175 2440 2299 2500 1764.

1291 2473 1472 2533 Amsterdam
1518 2476 1557 2536 41
1580 2476 1665 2536 Tage
1688 2483 1745 2543 295
1762 2487 1818 2547 gr.

1872 2481 1913 2541 71
1932 2487 2020 2547 Tage
2045 2488 2104 2548 293
2122 2494 2181 2554 gr.

1290 2527 1461 2587 Hamburg
1495 2522 1501 2582 3
1535 2527 1586 2587 W.
1608 2529 1673 2589 127
1694 2536 1745 2596 gr.

1843 2533 1855 2593 6
1887 2534 1943 2594 W.
1963 2536 2020 2596 126
2046 2537 2101 2597 gr.

1290 2575 1393 2635 Berlin

1778 2584 1928 2644 Dantzig

2029 2590 2082 2650 pr.
2094 2590 2174 2650 Cto.

1289 2624 1430 2684 Ducaten
1456 2623 1529 2683 neue
1549 2623 1560 2683 8
1586 2625 1616 2685 fl.
1629 2631 1665 2691 18
1685 2637 1740 2697 gr.

1876 2635 2004 2695 Alberts
2026 2638 2116 2698 Taler
2138 2644 2197 2704 124
2219 2643 2271 2703 gr.

1288 2676 1399 2736 Rubel
1423 2677 1481 2737 108
1511 2679 1563 2739 gr.

1771 2680 1827 2740 Alt
1839 2685 1982 2745 Polnisch
2005 2688 2079 2748 Geld
2154 2694 2205 2754 pr.
2223 2691 2296 2751 Cto-

1278 2807 1375 2867 Diese
1392 2805 1532 2865 Gelehrte
1549 2805 1608 2865 und
1630 2810 1793 2870 Politische
1815 2811 1939 2871 Zeitung
1967 2810 2037 2870 wird
2059 2811 2107 2871 des
2135 2808 2292 2868 Montag=

1384 2848 1442 2908 und
1475 2851 1624 2911 Freytags
1646 2854 1668 2914 in
1695 2852 1743 2912 dem
1781 2855 1979 2915 Kanterschen
2012 2852 2189 2912 Buchladen

1679 2897 1894 2957 ausgegeben.
