2479 3508
460 1223 580 1283 92tes
629 1220 790 1280 Stück.
864 1224 1097 1284 Montag,
1147 1219 1211 1279 den
1260 1222 1340 1282 17.
1373 1222 1599 1282 December
1640 1225 1784 1285 1764.

540 1294 697 1354 Halle,

260 1399 434 1459 "weisheit
456 1398 486 1458 u.
507 1396 527 1456 s.
549 1396 589 1456 w.
621 1396 811 1456 allgemeine
832 1395 1002 1455 practische
1023 1393 1126 1453 Welt=

126 1452 313 1512 "weisheit,
331 1446 441 1506 1764,
453 1446 536 1506 8vo,
553 1443 569 1503 1
598 1440 758 1500 Alphabet
781 1443 814 1503 16
848 1440 997 1500 Bogen."
1048 1440 1125 1500 Der

110 1503 179 1563 Hr.
201 1502 303 1562 Verf.
325 1494 415 1554 redet
443 1490 512 1550 hier
545 1488 614 1548 nach
647 1490 749 1550 seinen
787 1490 959 1550 bekannten
992 1487 1130 1547 Grund¬

122 1551 211 1611 sätzen
254 1548 307 1608 von
350 1542 402 1602 den
445 1539 652 1599 allgemeinen
695 1536 891 1596 Begriffen,
918 1536 1028 1596 welche
1066 1535 1113 1595 bey

122 1599 345 1659 Betrachtung
382 1590 599 1650 menschlicher
642 1587 859 1647 Handlungen
901 1582 1129 1642 vorkommen,

121 1649 185 1709 und
234 1646 288 1706 bey
343 1643 396 1703 den
446 1637 597 1697 practisch
641 1634 917 1694 philosophischen
966 1631 1128 1691 Discipli¬

120 1700 172 1760 nen
205 1696 458 1756 vorauszusetzen
490 1688 574 1748 sind.
638 1688 727 1748 Nach
764 1685 848 1745 einer
875 1682 1128 1742 vorangeschick:

116 1750 165 1810 ten
215 1747 441 1807 Einleitung,
475 1742 563 1802 trägt
608 1739 641 1799 er
680 1739 707 1799 in
763 1741 862 1801 sieben
918 1733 1117 1793 Abschnitten

129 1801 175 1861 die
209 1796 354 1856 Theorie
388 1793 440 1853 von
481 1792 533 1852 der
567 1787 772 1847 Sittlichkeit
806 1789 858 1849 der
885 1787 1130 1847 Handlungen,

120 1843 169 1903 der
202 1837 507 1897 Verbindlichkeit,
530 1831 580 1891 dem
631 1831 781 1891 Gesetze,
813 1831 867 1891 der
895 1828 1127 1888 Zurechnung,

121 1891 174 1951 der
196 1885 342 1945 Pflicht,
364 1880 417 1940 der
440 1879 563 1939 Sünde
591 1876 650 1936 und
672 1875 726 1935 dem
764 1873 964 1933 moralischen
991 1872 1126 1932 Zustan¬

112 1941 145 2001 de
167 1938 248 1998 vor;
282 1933 341 1993 und
369 1926 473 1986 hängt
501 1925 571 1985 noch
605 1924 642 1984 am
687 1921 779 1981 Ende
812 1921 894 1981 einen
927 1919 1025 1979 Abriß
1058 1918 1112 1978 von

112 1984 330 2044 Eintheilung
357 1977 406 2037 der
428 1975 613 2035 practischen
641 1972 891 2032 Weltweisheit
908 1969 967 2029 an.
1017 1969 1120 2029 Ueber

120 2040 167 2100 die
194 2029 405 2089 Trockenheit
427 2025 453 2085 im
485 2023 649 2083 Vortrage
671 2023 782 2083 wollen
809 2020 866 2080 wir
888 2018 967 2078 nicht
989 2020 1126 2080 klagen;

122 2087 189 2147 man
218 2082 251 2142 ist
275 2078 308 2138 sie
332 2074 359 2134 in
388 2073 496 2133 solchen
531 2073 695 2133 abstracten
724 2071 866 2131 Büchern
895 2067 974 2127 schon
1003 2070 1031 2130 zu
1054 2069 1122 2129 sehr

373 2118 562 2178 Uebrigens
594 2121 663 2181 liest
685 2121 716 2181 es
748 2121 795 2181 sich
828 2121 912 2181 recht
929 2119 1039 2179 artig,
1066 2118 1123 2178 wie

122 2132 297 2192 gewohnt.

126 2185 210 2245 schön
239 2176 283 2236 der
312 2175 413 2235 Verf.
425 2172 475 2232 die
493 2172 696 2232 moralischen
724 2172 871 2232 Begriffe
900 2169 1119 2229 auseinander

122 2238 149 2298 zu
178 2230 263 2290 setzen
298 2223 360 2283 und
389 2220 583 2280 herzuleiten
617 2220 719 2280 weiß.
789 2220 919 2280 Wollte
949 2220 1016 2280 man
1051 2217 1124 2277 aber

126 2280 220 2340 tiefer
242 2276 308 2336 nach
337 2270 386 2330 den
415 2269 630 2329 Grundsatzen
664 2267 819 2327 forschen,
842 2270 902 2330 und
931 2270 975 2330 sich
1003 2267 1047 2327 ein
1075 2266 1136 2326 we¬

129 2333 180 2393 nig
209 2328 243 2388 um
284 2323 330 2383 die
354 2315 659 2375 Sacherklärungen
689 2316 918 2376 bekümmern;
949 2315 1052 2375 wegen
1081 2315 1115 2375 de
1168 2312 1334 2372 Gebeinen
1376 2314 1427 2374 den
1457 2313 1542 2373 Ball
1566 2318 1733 2378 schlagen;
1769 2317 1797 2377 in
1832 2318 1883 2378 den
1918 2318 2154 2378 harmonischen

123 2381 174 2441 ren
216 2377 284 2437 man
326 2370 394 2430 hier
430 2366 533 2426 zurück
569 2363 626 2423 auf
656 2363 701 2423 die
725 2366 933 2426 Metaphysik
957 2363 1118 2423 verwiesen

303 2422 363 2482 ja,
389 2416 455 2476 wer
476 2414 532 2474 das
558 2411 629 2471 thun
665 2413 797 2473 wollte,
828 2414 879 2474 der
910 2411 1022 2471 würde
1048 2411 1134 2471 frey¬

119 2426 210 2486 wird
246 2423 261 2483 —

124 2478 174 2538 lich
214 2473 259 2533 ein
300 2464 469 2524 trauriges
504 2458 668 2518 Beyspiel
697 2460 759 2520 von
805 2460 855 2520 der
890 2461 1128 2521 Hinfälligkeit

126 2518 342 2578 menschlicher
364 2512 472 2572 Dinge
495 2508 554 2568 und
581 2506 657 2566 alter
679 2511 809 2571 Häuser
831 2509 998 2569 erblicken.
1048 2506 1123 2566 Wir

126 2574 218 2634 sagen
247 2566 344 2626 nichts
368 2560 495 2620 weiter,
519 2557 564 2617 als
594 2557 645 2617 daß
674 2558 772 2618 dieses
795 2559 882 2619 Buch
911 2557 939 2617 in
969 2557 1020 2617 der
1038 2555 1135 2615 Kan=
1166 2554 1470 2614 Männerkleidung
1501 2557 1558 2617 vor
1581 2558 1615 2618 sie
1639 2557 1794 2617 getreten.
1841 2557 1956 2617 Kurz!
1986 2557 2031 2617 die
2055 2560 2158 2620 Kritik

126 2620 256 2680 terschen
285 2611 550 2671 Buchhandlung
584 2605 720 2665 allhier,
755 2611 811 2671 wie
840 2610 912 2670 auch
941 2608 969 2668 in
1003 2605 1121 2665 Elbing

128 2674 185 2734 und
214 2664 329 2724 Mitau
359 2661 370 2721 3
399 2659 439 2719 fl.
457 2655 566 2715 kostet.

180 2767 257 2827 Die
284 2759 387 2819 Kritik
414 2755 459 2815 ist
479 2754 524 2814 ein
557 2748 621 2808 sehr
649 2751 817 2811 heilsames
844 2754 1123 2814 Reinigungsmit

128 2825 199 2885 tel,
224 2819 283 2879 und
314 2811 361 2871 die
386 2805 513 2865 Diener
537 2796 693 2856 derselben
730 2800 789 2860 sind
827 2802 1019 2862 dienstfertig
1049 2799 1133 2859 ohne

135 2875 210 2935 stolz
234 2870 263 2930 zu
287 2861 386 2921 seyn;
410 2856 470 2916 wie
493 2852 622 2912 Aerzte,
646 2849 760 2909 welche
776 2849 828 2909 das
859 2852 1050 2912 Siechbette
1073 2849 1133 2909 ver¬

1162 1294 1275 1354 laßen,
1297 1295 1356 1355 und
1379 1294 1481 1354 wider
1499 1294 1547 1354 die
1569 1294 1764 1354 Viehseuche
1786 1297 1829 1357 ein
1858 1297 1976 1357 Recipe
1993 1297 2166 1357 schreiben.

147 1354 335 1414 Teorg
370 1348 578 1408 Friedrich
613 1348 808 1408 Meiers,
830 1348 937 1408 Prof.
958 1347 1004 1407 der
1025 1345 1126 1405 Welt:
1167 1341 1241 1401 Sie
1268 1342 1423 1402 verbietet
1444 1342 1498 1402 das
1519 1342 1640 1402 Kippen
1668 1345 1727 1405 und
1755 1345 1896 1405 Wippen
1917 1346 1977 1406 auf
1998 1345 2045 1405 dem
2079 1346 2166 1406 Par¬

1155 1390 1268 1450 nasse,
1294 1390 1353 1450 wie
1373 1390 1442 1450 man
1472 1390 1497 1450 in
1527 1393 1675 1453 Staaten
1705 1393 1759 1453 den
1790 1393 1883 1453 Bann
1924 1393 1973 1453 der
1998 1393 2170 1453 Beschnei=

1161 1436 1246 1496 dung
1282 1437 1382 1497 wider
1418 1437 1463 1497 die
1499 1440 1676 1500 Rabbiner
1706 1440 1761 1500 aus
1802 1440 1928 1500 allerley
1964 1440 2054 1500 Volk
2085 1443 2165 1503 aus¬

1161 1485 1294 1545 spricht;
1322 1485 1374 1545 dem
1417 1488 1556 1548 Tempel
1572 1488 1625 1548 des
1647 1485 1855 1545 Geschmacks
1888 1488 1956 1548 hoch
1989 1488 2021 1548 an
2064 1490 2165 1550 seiner

1159 1533 1264 1593 Zinne
1292 1533 1348 1593 zur
1371 1535 1486 1595 Wache
1515 1536 1682 1596 gegeben,
1710 1536 1888 1596 durchsieht
1922 1533 1954 1593 sie
1983 1533 2032 1593 die
2061 1536 2160 1596 Pässe

1158 1581 1415 1641 ankommender
1445 1584 1721 1644 Opferpriester,
1761 1584 1820 1644 und
1860 1584 2052 1644 bestimmt,
2092 1584 2141 1644 dem

1166 1628 1357 1688 Schwachen
1384 1631 1430 1691 der
1451 1631 1518 1691 noch
1544 1630 1570 1690 in
1596 1632 1690 1692 denen
1721 1631 1887 1691 Vorhöfen
1913 1633 1944 1693 am
1986 1634 2156 1694 Leitbande

1156 1679 1319 1739 gängelt,
1341 1681 1398 1741 das
1431 1682 1636 1742 Ceremoniel
1658 1681 1710 1741 zur
1737 1682 1922 1742 Aufnahme
1954 1682 2043 1742 derer
2076 1684 2165 1744 man¬

1162 1730 1278 1790 cherley
1306 1732 1421 1792 Gaben
1444 1733 1505 1793 und
1533 1733 1649 1793 Opfer.
1699 1730 1770 1790 Sie
1793 1730 1882 1790 wirft
1904 1730 1948 1790 die
1965 1733 2081 1793 Banke
2103 1734 2152 1794 des

1163 1781 1340 1841 Wuchrers
1370 1784 1453 1844 um,
1489 1783 1541 1843 der
1572 1784 1624 1844 dem
1673 1784 1855 1844 geflügelten
1892 1784 2016 1844 Pferde
2046 1786 2069 1846 in
2105 1784 2152 1844 den

1161 1826 1326 1886 Schweif
1342 1828 1462 1888 greift,
1488 1828 1523 1888 um
1568 1830 1653 1890 durch
1690 1828 1744 1888 das
1780 1829 1961 1889 wohlweise
1987 1831 2162 1891 Gedränge

1157 1867 1181 1927 in
1212 1870 1265 1930 den
1296 1870 1499 1930 Musenstall
1519 1872 1811 1932 einzuschleichen,
1841 1874 1895 1934 ihm
1945 1873 2079 1933 alsdenn
2114 1879 2162 1939 die

1161 1917 1282 1977 Flügel
1299 1918 1457 1978 ausrauft
1473 1918 1531 1978 und
1568 1918 1626 1978 mit
1653 1918 1747 1978 denen
1775 1921 2022 1981 Pflaumfedern
2055 1924 2165 1984 dessel¬

1156 1966 1214 2026 ben
1252 1963 1293 2023 ein
1331 1966 1538 2026 ungeziemes
1570 1968 1734 2028 Gewerbe
1761 1969 1872 2029 treibt.
1931 1969 2005 2029 Sie
2032 1974 2159 2034 peitscht

1158 2017 1220 2077 mit
1257 2017 1449 2077 väterlicher
1502 2017 1646 2077 Gewalt
1694 2020 1745 2080 die
1793 2018 2016 2078 unmündigen
2069 2023 2167 2083 Kna¬

1157 2067 1245 2127 ben,
1273 2067 1322 2127 die
1356 2067 1400 2127 sich
1434 2067 1494 2127 mit
1522 2067 1694 2127 herzlicher
1723 2067 1855 2127 Einfalt
1878 2067 1905 2127 in
1939 2067 1988 2127 die
2011 2070 2160 2130 Narren¬

1165 2118 1264 2178 kappe
1287 2115 1336 2175 des
1359 2118 1607 2178 Christmarktes
1636 2118 1779 2178 kleiden;
1801 2116 1851 2176 die
1874 2118 2011 2178 Ruthe,
2040 2120 2094 2180 für
2117 2121 2161 2181 ih¬

1156 2166 1194 2226 re
1216 2166 1378 2226 Kindheit
1395 2169 1584 2229 gebunden,
1606 2169 1692 2229 gegen
1720 2169 1768 2229 die
1790 2169 1877 2229 Welt
1894 2169 2029 2229 kehren;
2056 2169 2148 2229 denen

1161 2217 1333 2277 Männern
1364 2217 1414 2277 zum
1455 2217 1571 2277 Trotz,
1597 2220 1688 2280 deren
1719 2220 1836 2280 Miene
1867 2220 1922 2280 von
1958 2220 2023 2280 vier
2049 2220 2165 2280 Facul¬

1159 2264 1240 2324 täten
1268 2264 1419 2324 bestätigt
1436 2264 1496 2324 ist,
1523 2267 1588 2327 mit
1611 2267 1751 2327 Wolfs
1785 2267 1860 2327 oder
1888 2270 2154 2330 Leibnitzens

1166 2360 1341 2420 Nachruhm
1384 2360 1481 2420 dieser
1502 2365 1725 2425 ehrwürdigen
1756 2363 1885 2423 Geister
1912 2363 1963 2423 die
1985 2366 2165 2426 Dissonan¬

1164 2413 1227 2473 zien
1254 2409 1338 2469 ihrer
1365 2409 1497 2469 Schelle
1513 2414 1677 2474 klingeln,
1704 2415 1794 2475 und,
1816 2414 1926 2474 unreif
1953 2414 2001 2474 für
2028 2414 2070 2474 ein
2097 2417 2165 2477 ern¬

1164 2457 1216 2517 stes
1254 2455 1450 2515 Geschäfte,
1477 2458 1524 2518 die
1557 2462 1651 2522 Rolle
1679 2461 1732 2521 des
1764 2459 1896 2519 Knaben
1929 2461 2071 2521 spielen,
2104 2463 2156 2523 der

1161 2504 1214 2564 bey
1241 2503 1293 2563 der
1315 2504 1432 2564 Wiege
1448 2509 1602 2569 klatscht,
1623 2509 1714 2569 wenn
1751 2506 1782 2566 er
1810 2509 1867 2569 zum
1910 2507 2101 2567 erstenmale
2123 2513 2149 2573 in

1166 2602 1203 2662 ist
1230 2602 1276 2662 die
1298 2602 1430 2662 Policey
1468 2608 1520 2668 der
1542 2606 1742 2666 Gelehrten;
1774 2605 1837 2665 nur
1869 2607 1996 2667 schade,
2023 2608 2075 2668 daß
2107 2611 2159 2671 zur

1167 2649 1454 2709 Aufrechthaltung
1482 2655 1564 2715 ihrer
1587 2652 1813 2712 Gerechtsame
1841 2652 1929 2712 keine
1946 2656 2156 2716 Rathhäuser

1170 2698 1229 2758 und
1257 2700 1403 2760 Thürme
1431 2701 1572 2761 befestigt
1595 2700 1675 2760 sind.

1218 2748 1319 2808 Unter
1345 2748 1428 2808 ihrem
1471 2751 1664 2811 öffentlichen
1695 2748 1834 2808 Schutze
1864 2754 1937 2814 übet
1961 2753 2009 2813 die
2034 2754 2160 2814 Satyre

1164 2796 1259 2856 ihrer
1291 2799 1523 2859 Freybeuterey
1555 2800 1644 2860 aus;
1682 2799 1723 2859 sie
1750 2799 1892 2859 bemerkt
1919 2802 2072 2862 diejenige
2104 2802 2162 2862 mit

1172 2847 1476 2907 Staupenschlagen
1506 2849 1562 2909 und
1591 2847 1856 2907 Brandmalern,
1873 2849 1946 2909 über
1969 2849 2014 2909 die
2037 2849 2087 2909 von
2116 2849 2160 2909 der

2079 2899 2168 2959 Kri¬
