2479 3508
564 1218 694 1278 89tes
742 1220 904 1280 Stück.
974 1228 1198 1288 Freytag,
1231 1220 1300 1280 den
1347 1221 1401 1281 7.
1433 1216 1664 1276 December
1704 1216 1850 1276 1764.

543 1294 854 1354 Königsberg.

194 1357 306 1417 Aus
347 1351 399 1411 der
439 1348 705 1408 Sammlung
746 1350 991 1410 geistlicher
1025 1345 1211 1405 Gedich¬

200 1402 323 1462 te
355 1399 443 1459 eines
475 1396 635 1456 Dichters
667 1396 775 1456 unsers
807 1399 1066 1459 Vaterlandes,
1092 1396 1201 1456 welche

190 1458 246 1518 das
266 1449 430 1509 Publicum
469 1446 627 1506 vielleicht
653 1443 716 1503 bald
742 1446 893 1506 gedruckt
913 1448 994 1508 sehen
1027 1446 1128 1506 wird,
1141 1444 1210 1504 ent¬

191 1506 300 1566 lehnen
331 1500 392 1560 wir
411 1495 582 1555 folgendes
608 1491 736 1551 Stück.

330 1608 453 1668 Ueber
492 1602 545 1662 die
585 1601 854 1661 Allwissenheit
886 1599 1069 1659 GOttes.

192 1763 320 1823 Mein
348 1766 421 1826 Lied
451 1763 496 1823 ist
515 1760 578 1820 kein
616 1757 745 1817 Gesang
783 1754 819 1814 um
866 1757 967 1817 Ruhm
1014 1757 1197 1817 gedungner

727 1796 887 1856 Dichter,

187 1849 261 1909 Die
291 1846 434 1906 Iliaden
469 1843 543 1903 groß
578 1837 745 1897 gemacht!

728 1882 802 1942 sie,
832 1879 891 1939 für
929 1881 1026 1941 seiner
1064 1881 1197 1941 Stärke

196 1903 289 1963 Mein
332 1895 404 1955 Lied
446 1888 581 1948 erkennt
613 1885 701 1945 nicht

720 1927 883 1987 Richter,

186 1998 295 2058 GOtt
319 1992 452 2052 richtet!
487 1986 534 2046 Er
563 1984 620 2044 des
651 1981 760 2041 Liedes
795 1978 940 2038 Pracht!

244 2068 358 2128 Schon
387 2064 465 2124 lang
495 2061 587 2121 dacht
609 2058 680 2118 ich:
702 2055 801 2115 Soll
824 2054 894 2114 stets
931 2052 980 2112 die
1003 2055 1102 2115 Leyer
1132 2052 1202 2112 mü¬

723 2108 777 2168 ßig
809 2105 962 2165 hängen,

195 2168 349 2228 Stimmt
379 2162 426 2222 nie
456 2160 509 2220 ihr
539 2159 716 2219 Silberton
758 2157 811 2217 auf
841 2154 971 2214 GOtt?

201 2222 259 2282 Jch
284 2217 365 2277 sucht
384 2211 407 2271 in
438 2211 484 2271 ihm
526 2208 572 2268 die
596 2208 702 2268 Quell
721 2208 750 2268 zu
780 2208 956 2268 denkenden
986 2207 1156 2267 Gesängen

194 2273 263 2333 Und
299 2266 403 2326 sang,
424 2261 501 2321 weil
522 2258 556 2318 er
585 2258 619 2318 es
648 2255 717 2315 mir
745 2255 863 2315 gebot!

242 2338 489 2398 Allwissender!
515 2330 551 2390 du
584 2329 676 2389 siehst
695 2327 751 2387 von
789 2330 843 2390 den
875 2330 1042 2390 bestirnten
1075 2327 1210 2387 Höhen,

188 2393 272 2453 Was
306 2390 378 2450 die,
407 2387 456 2447 die
485 2381 596 2441 leben,
625 2379 686 2439 und
720 2381 848 2441 gelebt,

193 2443 259 2503 Und
296 2440 344 2500 die
375 2440 422 2500 die
447 2435 598 2495 Zukunft
629 2429 744 2489 zeugt,
781 2432 956 2492 zusammen
1005 2429 1071 2489 doch
1114 2426 1205 2486 nicht

724 2479 837 2539 sehen,

191 2534 287 2594 Weil
313 2536 351 2596 du
390 2535 435 2595 die
468 2530 564 2590 Kette
591 2527 687 2587 selbst
713 2528 854 2588 gewebt.

238 2614 292 2674 In
328 2611 390 2671 Ost
418 2608 479 2668 und
515 2603 611 2663 Nord
646 2605 708 2665 und
737 2603 847 2663 West,
869 2601 937 2661 was
973 2601 1117 2661 Schiffer
1146 2596 1207 2656 auf

722 2652 778 2712 den
818 2652 980 2712 Meeren,

194 2712 267 2772 Der
294 2707 434 2767 Krieger
469 2703 528 2763 auf
556 2700 602 2760 dem
656 2699 736 2759 Land
770 2703 916 2763 gedacht,

193 2766 272 2826 Des
310 2756 531 2816 Maulwurfs
569 2751 661 2811 Rath
699 2752 871 2812 beschloß,
908 2751 981 2811 was
1020 2746 1105 2806 sonst
1143 2744 1204 2804 nur

724 2802 858 2862 Fürsten
895 2802 1017 2862 hören,

191 2867 269 2927 Hat
291 2862 404 2922 längst
426 2855 497 2915 dein
526 2852 625 2912 Blick
655 2854 704 2914 dir
733 2852 804 2912 hell
826 2855 989 2915 gemacht!

1297 1294 1506 1354 Gedanken,
1530 1291 1582 1351 die
1606 1289 1658 1349 sich
1693 1288 1809 1348 schnell
1834 1288 1862 1348 in
1898 1288 2072 1348 Miriaden
2108 1291 2212 1351 Zeiten

1244 1342 1357 1402 Durch
1390 1342 1465 1402 aller
1499 1338 1628 1398 Geister
1661 1339 1757 1399 Geist
1785 1339 1958 1399 gedrängt,

1243 1390 1362 1450 Sahst
1393 1393 1470 1453 du,
1513 1390 1573 1450 wie
1610 1390 1753 1450 schnellen
1802 1386 1892 1446 Blitz
1935 1384 1958 1444 im
2013 1384 2150 1444 Schooß
2193 1387 2247 1447 der

1770 1434 1973 1494 Ewigkeiten

1245 1484 1316 1544 Von
1352 1488 1406 1548 dir
1436 1488 1561 1548 erzeugt
1591 1485 1602 1545 —
1669 1485 1853 1545 verdammt
1884 1485 1896 1545 —
1956 1482 2098 1542 gelenkt!

1291 1569 1398 1629 Wenn
1432 1572 1546 1632 irgend
1580 1572 1608 1632 in
1643 1570 1693 1630 der
1728 1566 1887 1626 Schlacht
1916 1566 1960 1626 ein
1995 1566 2108 1626 großer
2137 1566 2244 1626 Mann

1770 1613 1944 1673 erblasset:

1245 1666 1303 1726 So
1333 1667 1474 1727 führtest
1505 1667 1533 1727 du
1569 1664 1628 1724 des
1658 1667 1811 1727 Mörsers
1847 1664 1929 1724 Lauf

1852 1712 1912 1772 wie
1936 1712 2002 1772 viel
2026 1715 2062 1775 er
2087 1715 2242 1775 Thränen

1235 1721 1311 1781 Den
1343 1721 1483 1781 Umfang
1523 1721 1573 1781 des
1605 1718 1757 1778 Verlusts

1779 1766 1864 1826 fasset

1249 1808 1320 1868 Den
1357 1811 1409 1871 für
1438 1813 1491 1873 den
1528 1812 1616 1872 Sieg
1654 1812 1680 1872 zu
1717 1811 1851 1871 theuren
1879 1811 2003 1871 Kauf:

1289 1875 1369 1935 Wie
1401 1873 1482 1933 viele
1513 1876 1670 1936 Wittwen
1706 1876 1858 1936 schreyn,

1891 1874 1946 1934 ihn
1991 1879 2084 1939 ihren
2122 1885 2258 1945 Schutz=

1770 1925 1844 1985 gott
1873 1924 2002 1984 klagen,

1245 1969 1323 2029 Wie
1352 1969 1414 2029 viel
1443 1969 1665 2029 Verwirrung
1699 1970 1733 2030 er

1760 1972 1890 2032 gebar?

1778 2021 1831 2081 deß
1874 2023 1994 2083 Länder
2031 2024 2121 2084 nicht
2152 2028 2242 2088 mehr

1244 2023 1328 2083 Wer
1357 2020 1456 2080 seinen
1492 2022 1597 2082 Platz
1627 2023 1747 2083 ersetzt,

1767 2070 1914 2130 klagen?

1238 2124 1323 2184 Das
1353 2121 1424 2181 war
1453 2121 1503 2181 dir
1533 2121 1612 2181 alles
1641 2124 1806 2184 offenbar.

1287 2199 1376 2259 Dein
1412 2199 1572 2259 kleinester
1608 2197 1744 2257 Gedank
1774 2196 1815 2256 ist
1846 2199 1910 2259 eine
1941 2199 2219 2259 Weltgeschichte,

1241 2249 1312 2309 Und
1349 2249 1420 2309 aller
1450 2246 1581 2306 Welten
1618 2249 1784 2309 Inbegrif

1241 2300 1366 2360 Kennst
1398 2300 1429 2360 du
1467 2299 1530 2359 und
1568 2303 1674 2363 trägst
1706 2297 1844 2357 zugleich
1883 2297 1913 2357 so
1952 2299 2045 2359 leicht
2078 2300 2127 2360 ihr
2165 2303 2246 2363 ganz

1766 2347 1945 2407 Gewichte

1241 2399 1300 2459 Als
1337 2396 1390 2456 auf
1421 2396 1475 2456 dem
1525 2397 1614 2457 Berg
1651 2399 1693 2459 ein
1729 2401 1916 2461 Sandkorn
1947 2397 2073 2457 schlief.

1282 2467 1359 2527 Des
1392 2467 1604 2527 Bösewichts
1630 2473 1778 2533 Projekt
1811 2471 1875 2531 mit
1902 2470 2172 2530 Schlangengift
2198 2467 2249 2527 ge¬

1770 2521 1896 2581 taufet,

1240 2563 1318 2623 Das
1354 2566 1462 2626 deinem
1514 2569 1628 2629 Thron
1662 2569 1885 2629 Verwüstung
1920 2566 2033 2626 droht,

1241 2615 1414 2675 Verging,
1431 2618 1463 2678 da
1490 2620 1522 2680 es
1544 2620 1706 2680 entstand.
1745 2617 1901 2677 Umsonst
1924 2617 2010 2677 ward
2037 2616 2069 2676 es
2097 2614 2253 2674 erkaufet,

1240 2663 1311 2723 Die
1342 2668 1539 2728 Schranken
1576 2670 1641 2730 setzt
1672 2667 1719 2727 ihm
1768 2667 1839 2727 dein
1876 2666 2013 2726 Gebot.

1292 2737 1395 2797 Wenn
1434 2741 1463 2801 in
1507 2745 1556 2805 des
1594 2742 1759 2802 Frommen
1791 2740 1889 2800 Herz
1920 2742 1974 2802 sich
2019 2739 2110 2799 müde
2148 2738 2258 2798 Seuf¬

1772 2791 1823 2851 zer
1852 2790 2004 2850 streiten,

1232 2841 1310 2901 Die
1337 2841 1369 2901 er
1403 2841 1462 2901 aus
1496 2847 1620 2907 Furcht
1647 2844 1693 2904 sich
1727 2841 1818 2901 selbst
1852 2843 1990 2903 verhelt,

2148 2882 2256 2942 Hörst
