2479 3508
161 323 220 383 lich
244 321 302 381 von
344 317 439 377 diesen
475 309 563 369 Actis
593 306 658 366 vier
689 305 788 365 kleine
819 303 937 363 Theile
967 304 1185 364 herauskom¬

161 372 255 432 men.
309 360 534 420 Philologie,
558 357 665 417 schöne
695 354 843 414 Künste,
868 354 1081 414 Geschichte,
1105 351 1181 411 Kri=

161 418 235 478 tik,
259 413 397 473 gelehrte
421 407 605 467 Geschichte
623 404 687 464 und
710 404 767 464 das
797 404 946 464 römische
965 401 1091 461 Recht,
1120 400 1183 460 sol¬

158 467 202 527 len
236 466 279 526 die
308 455 535 515 Gegenstände
558 455 657 515 seyn,
681 454 730 514 die
764 454 791 514 er
820 454 847 514 zu
886 454 1064 514 bearbeiten
1098 449 1180 509 Wil¬

162 515 232 575 lens
260 509 308 569 ist.
358 503 466 563 Nicht
483 503 515 563 zu
549 503 701 563 vergessen
739 503 809 563 eine
837 503 962 563 gewisse
990 500 1185 560 gemeinnü¬

159 563 237 623 tzige
260 560 316 620 Art
339 552 395 612 von
424 551 660 611 Philosophie,
684 554 729 614 die
752 554 796 614 sich
831 553 909 613 weit
927 551 982 611 von
1011 554 1061 614 der
1085 551 1174 611 Bar¬

163 610 258 670 barey
285 604 369 664 jener
391 601 619 661 Philosophen
656 601 714 661 aus
752 601 804 661 dem
848 601 1027 661 Saukoben
1065 599 1181 659 entfer¬

158 658 217 718 nen
243 655 353 715 wird;
379 652 453 712 denn
484 649 509 709 so
534 649 760 709 nachdrücklich
786 649 891 709 lauten
921 652 966 712 die
987 649 1102 709 Worte
1128 648 1152 708 im

163 706 283 766 Texte:
313 700 484 760 popularis
520 697 781 757 philosophandi
812 697 927 757 ratio,
963 700 977 760 a
1013 697 1163 757 barbarie

154 754 279 814 istorum
320 750 350 810 ex
376 748 452 808 hara
477 747 735 807 philosophorum
781 745 902 805 aliena.
959 748 1039 808 Wir
1065 748 1175 808 verste=

164 806 217 866 hen
250 803 330 863 nicht
353 796 449 856 recht,
461 798 595 858 worauf
612 795 638 855 er
667 795 828 855 eigentlich
850 797 941 857 zielt.
990 796 1065 856 Das
1098 795 1168 855 aber

160 853 262 913 wissen
302 848 363 908 wir
398 846 511 906 wohl,
540 844 596 904 daß
636 843 670 903 er
705 844 794 904 selbst
829 846 879 906 sich
919 846 948 906 zu
994 843 1072 903 viele
1107 843 1174 903 Eh¬

152 903 182 963 re
209 900 354 960 erweisen
386 897 520 957 würde,
547 894 639 954 wenn
677 891 707 951 er
734 892 785 952 sich
817 894 915 954 unter
942 896 988 956 die
1015 894 1175 954 Philoso¬

149 957 233 1017 phen
258 952 366 1012 zählen
403 948 524 1008 wollte.
555 948 663 1008 Seine
688 948 814 1008 elenden
845 948 1069 1008 Spöttereyen
1094 948 1166 1008 über

420 1109 621 1169 Berlin,
656 1108 714 1168 den
761 1108 800 1168 1.
830 1109 922 1169 Dec.

208 1163 282 1223 Se.
301 1161 398 1221 Maj.
416 1160 468 1220 der
498 1159 608 1219 König
643 1154 741 1214 haben
776 1159 1014 1219 allergnädigst
1038 1158 1170 1218 geruhet

152 1212 203 1272 den
230 1207 359 1267 bishero
381 1204 432 1264 bey
454 1204 500 1264 der
521 1201 811 1261 Halberstädtschen
838 1207 999 1267 Kammer
1025 1204 1170 1264 gestand¬

147 1258 202 1318 nen
238 1253 394 1313 Krieges=
425 1251 485 1311 und
516 1250 814 1310 Domainenrath,
835 1255 941 1315 Herrn
977 1255 1168 1315 Lilienthal,

154 1306 175 1366 in
207 1300 376 1360 Ansehung
404 1299 499 1359 seiner
526 1300 637 1360 bisher
670 1300 696 1360 in
729 1300 803 1360 Sr.
824 1303 925 1363 Maj.
942 1301 1095 1361 Diensten
1117 1299 1170 1359 be¬

154 1354 270 1414 zeigten
302 1348 471 1408 besondern
498 1348 704 1408 Application
736 1348 794 1408 und
816 1351 963 1411 Fleißes,
980 1350 1032 1410 zum
1065 1345 1170 1405 zwey¬

153 1404 200 1464 ten
227 1399 401 1459 Directore
423 1396 475 1456 bey
502 1396 549 1456 der
577 1398 878 1458 Clev=Märckschen
905 1399 1085 1459 Kammer,
1102 1396 1159 1456 wie

152 1451 221 1511 auch
253 1448 305 1508 zum
359 1443 533 1503 Directore
565 1443 618 1503 der
640 1446 819 1506 sämtlichen
846 1446 1079 1506 Rheinmaaß=
1095 1442 1158 1502 und

147 1497 333 1557 Landzölle,
359 1494 431 1554 auch
458 1494 592 1554 Licenten
623 1493 648 1553 in
675 1494 835 1554 gedachten
861 1495 975 1555 beyden
1011 1491 1161 1551 Provin¬

145 1550 231 1610 zen;
259 1544 308 1604 den
346 1542 530 1602 bisherigen
563 1542 780 1602 Preußischen
808 1542 1165 1602 Hofgerichtsreferen¬

152 1596 285 1656 darius,
296 1594 383 1654 Hrn.
400 1593 559 1653 Melchior
581 1592 679 1652 Ernst
690 1590 746 1650 von
767 1593 947 1653 Knobloch,
958 1590 984 1650 in
1010 1590 1164 1650 Betrach=

143 1646 222 1706 tung
256 1646 352 1706 seiner
376 1643 653 1703 Geschicklichkeit
671 1642 699 1702 in
739 1643 789 1703 der
818 1642 1158 1702 Rechtsgelahrtheit,

155 1699 206 1759 zum
259 1694 542 1754 Hofgerichtsrath
584 1695 617 1755 zu
659 1694 867 1754 Königsberg
908 1694 936 1754 in
972 1692 1127 1752 Preussen

152 1750 215 1810 und
238 1748 290 1808 den
320 1748 354 1808 an
384 1745 436 1805 der
454 1745 650 1805 Domschule
668 1745 690 1805 zu
714 1746 801 1806 Riga
819 1747 1004 1807 gestandnen
1034 1745 1160 1805 Rector,

145 1796 251 1856 Herrn
278 1793 341 1853 M.
363 1791 506 1851 Johann
538 1792 692 1852 Gotthilf
725 1793 889 1853 Lindner,
916 1793 1023 1853 wegen
1060 1793 1155 1853 seiner

144 1838 365 1898 vorzüglichen
400 1832 530 1892 Stärke
564 1831 592 1891 in
626 1831 679 1891 den
718 1831 844 1891 schönen
878 1831 1166 1891 Wissenschaften,

151 1891 204 1951 zum
248 1880 433 1940 Professore
456 1877 602 1937 Poeseos
619 1878 678 1938 auf
695 1876 743 1936 der
766 1878 1059 1938 Königsbergschen
1087 1878 1167 1938 Aka¬

147 1937 265 1997 demie,
293 1933 319 1993 in
348 1929 396 1989 die
418 1927 531 1987 Stelle
554 1927 608 1987 des
636 1927 689 1987 vor
712 1927 798 1987 mehr
831 1927 879 1987 als
913 1927 994 1987 zwey
1022 1927 1151 1987 Jahren

149 1986 267 2046 bereits
296 1978 495 2038 verstorbnen
529 1980 631 2040 Herrn
666 1979 807 2039 Johann
836 1978 967 2038 George
996 1978 1097 2038 Bock,
1121 1979 1154 2039 zu

150 2034 339 2094 ernennen.

340 2076 669 2136 Regensburg,
692 2077 748 2137 den
783 2077 851 2137 11.
874 2076 976 2136 Nov.

190 2132 266 2192 Dem
316 2127 528 2187 Vernehmen
572 2125 642 2185 nach
681 2127 746 2187 sind
785 2129 822 2189 am
872 2130 942 2190 4ten
986 2127 1084 2187 dieses
1122 2125 1149 2185 zu

152 2181 383 2241 Straubingen
417 2175 461 2235 die
484 2175 838 2235 Vermählungsringe
861 2178 1005 2238 zwischen
1028 2178 1077 2238 des
1100 2177 1166 2237 Rö¬

149 2234 273 2294 mischen
309 2226 433 2286 Königs
463 2223 563 2283 Maj.
582 2223 640 2283 und
665 2224 718 2284 der
742 2229 1020 2289 Churbaierschen
1056 2229 1138 2289 Prin

144 2286 256 2346 zeßin,
282 2276 426 2336 Josepha
458 2272 596 2332 Königl.
610 2270 760 2330 Hoheit,
798 2279 987 2339 gewechselt
1013 2276 1163 2336 worden,

152 2335 209 2395 und
239 2330 296 2390 soll
314 2327 394 2387 diese
418 2321 649 2381 Vermählung
679 2321 713 2381 am
760 2326 835 2386 8ten
859 2327 1020 2387 Decemb.
1044 2327 1164 2387 nächst¬

143 2384 200 2444 hin
227 2381 271 2441 als
298 2380 349 2440 dem
388 2372 608 2432 allerhöchsten
640 2374 859 2434 Geburtsfest
880 2375 956 2435 Sr.
976 2375 1073 2435 Maj.
1105 2374 1156 2434 des

151 2432 284 2492 Kaisers
310 2427 451 2487 bekannt
477 2422 617 2482 gemacht
651 2423 797 2483 werden.
855 2426 932 2486 Der
958 2426 1066 2486 Prinz
1092 2423 1149 2483 von

145 2476 372 2536 Darmstadt,
410 2470 539 2530 welcher
578 2467 631 2527 die
664 2473 847 2533 Prinzeßin
891 2471 945 2531 von
988 2472 1161 2532 Modena,

147 2527 273 2587 Witwe
300 2524 348 2584 des
375 2520 522 2580 Prinzen
555 2518 655 2578 Anton
687 2523 824 2583 Farnese
851 2524 904 2584 von
931 2521 1084 2581 Parma,
1105 2519 1163 2579 ge¬

149 2575 318 2635 heyrathet
343 2572 446 2632 hatte,
459 2570 494 2630 ist
519 2569 543 2629 zu
574 2569 640 2629 St.
659 2572 780 2632 Donin
811 2576 835 2636 im
879 2575 981 2635 55sten
1012 2572 1102 2632 Jahr
1121 2569 1151 2629 an

149 2631 202 2691 den
229 2626 352 2686 Pocken
379 2620 566 2680 gestorben.

422 2669 574 2729 Haag,
598 2665 650 2725 den
693 2669 757 2729 17.
781 2673 885 2733 Nov.

198 2723 348 2783 Obgleich
373 2718 421 2778 der
446 2715 530 2775 Herr
549 2717 773 2777 D'Alembert
791 2722 845 2782 dem
882 2724 966 2784 Rufe
985 2721 1039 2781 der
1052 2718 1160 2778 Rußt=

146 2781 228 2841 schen
258 2773 399 2833 Kaiserin
430 2767 499 2827 nach
530 2766 683 2826 Rußland
719 2769 801 2829 nicht
825 2774 931 2834 folgen
967 2769 1096 2829 wollen,
1121 2767 1149 2827 so

146 2834 205 2894 hat
224 2829 290 2889 doch
315 2822 392 2882 diese
423 2817 622 2877 Monarchin
659 2817 718 2877 erst
743 2820 863 2880 neulich
900 2822 941 2882 ein
978 2817 1153 2877 verbindli=

144 2882 213 2942 ches
239 2874 420 2934 Schreiben
452 2867 489 2927 an
515 2868 678 2928 denselben
710 2870 904 2930 abgelassen,
930 2873 992 2933 und
1018 2870 1067 2930 ihm
1106 2866 1155 2926 da=

150 2932 200 2992 bey
231 2933 297 2993 eine
321 2933 371 2993 von
409 2930 460 2990 den
491 2921 743 2981 Schaumünzen
773 2927 936 2987 geschickt,
966 2926 1025 2986 auf
1056 2922 1143 2982 deren

1211 300 1261 360 die
1284 303 1523 363 Metaphysik,
1546 300 1595 360 die
1624 303 1657 363 er
1685 303 1718 363 an
1758 303 1841 363 einem
1892 303 2008 363 andern
2043 306 2126 366 Orte
2154 306 2226 366 vor¬

1216 351 1351 411 bringt,
1376 351 1476 411 haben
1502 351 1662 411 genugsam
1703 354 1878 414 erwiesen,
1904 351 1984 411 quod
2010 354 2059 414 ars
2080 357 2140 417 non
2171 357 2225 417 ha¬

1215 398 1293 458 beat
1308 397 1465 457 osorem,
1490 397 1549 457 nisi
1569 398 1800 458 ignorantem.
1844 401 1952 461 Wenn
1987 401 2011 461 er
2036 403 2080 463 sich
2110 406 2222 466 solcher

1216 449 1434 509 Spöttereyen
1461 446 1658 506 entschlüge,
1675 446 1695 506 so
1723 449 1839 509 könnte
1861 449 1924 509 man
1957 449 2005 509 ihm
2048 455 2228 515 allenfalls,

1215 500 1315 560 seiner
1342 497 1475 557 übrigen
1513 496 1655 556 Talente
1682 497 1820 557 wegen,
1863 499 1916 559 den
1954 500 2102 560 Mangel
2129 503 2224 563 dieser

1217 548 1278 608 Art
1305 548 1356 608 von
1388 546 1554 606 Kenntniß
1580 545 1767 605 verzeihen.

1833 545 1934 605 Denn
1972 549 2096 609 einmal
2123 550 2160 610 ist
2188 551 2214 611 es

1216 597 1281 657 eine
1306 595 1371 655 sehr
1398 594 1594 654 gegruͤndete
1615 595 1791 655 Maxime:
1827 592 1893 652 non
1919 594 2029 654 omnia
2055 598 2226 658 possumus

1208 643 1352 703 omnes;
1381 645 1472 705 oder,
1492 643 1578 703 wenn
1607 641 1664 701 wir
1694 643 1756 703 dieß
1795 641 1852 701 mit
1881 643 1929 703 den
1963 643 2093 703 Worten
2132 647 2218 707 eines

1220 694 1309 754 seiner
1330 694 1571 754 Spiesgesellen
1597 691 1788 751 ausdrücken
1819 691 1934 751 sollen:
1960 691 1995 751 Si
2016 694 2121 754 tantum
2162 696 2216 756 ha¬

1207 745 1302 805 beret
1327 742 1379 802 Kl.
1394 742 1533 802 iudicii,
1567 740 1711 800 quantum
1754 739 1889 799 ingenii
1913 739 1947 799 et
1971 739 2158 799 memoriae
2187 745 2215 805 in

1209 792 1246 852 eo
1273 790 1330 850 esse
1352 789 1520 849 videmus,
1547 791 1636 851 nihil
1653 789 1747 849 possit
1769 789 1800 849 eo
1827 786 2001 846 perfectius
2022 787 2106 847 fingi
2128 789 2217 849 cogi¬

1208 840 1351 900 tarique.
1399 837 1504 897 Verum
1548 837 1605 897 non
1634 840 1743 900 omnia
1768 837 1944 897 omnibus,
1969 837 2002 897 vt
2022 837 2064 897 est
2084 840 2107 900 in
2137 840 2213 900 pro¬

1205 891 1340 951 verbio,
1366 888 1479 948 musae
1506 885 1676 945 dederunt.

1419 942 1508 1002 (Der
1542 942 1700 1002 Beschluß
1735 942 1823 1002 folgt
1852 939 2009 999 künftig.)

1211 1106 1293 1166 einen
1329 1109 1429 1169 Seite
1453 1109 1547 1169 Ihro
1571 1106 1718 1166 Kaiserl.
1742 1106 1836 1166 Maj.
1854 1103 2048 1163 Brustbild,
2072 1102 2131 1162 und
2155 1100 2213 1160 auf

1204 1157 1258 1217 der
1279 1160 1394 1220 andern
1425 1157 1480 1217 das
1506 1157 1541 1217 zu
1576 1157 1788 1217 Petersburg
1824 1151 2055 1211 neuangelegte
2086 1151 2216 1211 Findel¬

1208 1207 1295 1267 haus
1323 1204 1474 1264 gepräget
1497 1201 1550 1261 ist.

1429 1246 1679 1306 Warschau,
1707 1249 1760 1309 den
1800 1246 1859 1306 26.
1887 1246 1990 1306 Nov.

1245 1297 1324 1357 Des
1351 1297 1559 1357 Erbprinzen
1586 1297 1643 1357 von
1676 1297 1819 1357 Curland
1846 1291 2048 1351 Hochfürstl.
2070 1291 2213 1351 Durchl.

1197 1345 1300 1405 hatten
1322 1348 1373 1408 den
1405 1347 1514 1407 21sten
1551 1345 1650 1405 dieses
1682 1345 1739 1405 bey
1770 1345 1848 1405 Sr.
1870 1342 1963 1402 Maj.
1984 1341 2036 1401 dem
2078 1342 2208 1402 Könige

1201 1394 1274 1454 dero
1301 1393 1470 1453 Audienz,
1497 1393 1629 1453 worauf
1646 1393 1682 1453 sie
1704 1394 1756 1454 den
1783 1393 1878 1453 Fürst
1900 1390 2042 1450 Primas
2070 1390 2127 1450 und
2159 1392 2211 1452 die

1204 1443 1389 1503 Magnaten
1416 1443 1469 1503 des
1496 1442 1612 1502 Reichs
1639 1442 1819 1502 besuchten.
1889 1440 2010 1500 Einige
2032 1437 2217 1497 Regimen¬

1195 1491 1241 1551 ter
1272 1491 1328 1551 von
1365 1491 1462 1551 denen
1494 1491 1561 1551 hier
1592 1492 1617 1552 in
1665 1491 1715 1551 der
1742 1486 2005 1546 Nachbarschaft
2036 1488 2201 1548 stehenden

1201 1539 1313 1599 Russen
1347 1539 1443 1599 haben
1471 1537 1594 1597 Befehl
1617 1541 1784 1601 erhalten,
1812 1539 1881 1599 nach
1914 1536 2070 1596 Rußland
2098 1536 2211 1596 aufzu¬

1195 1587 1353 1647 brechen,
1380 1590 1437 1650 und
1464 1587 1548 1647 setzen
1580 1590 1627 1650 sich
1654 1588 1770 1648 dahero
1797 1584 1875 1644 schon
1913 1584 1939 1644 in
1976 1586 2029 1646 den
2056 1587 2208 1647 Marsch.

1200 1637 1332 1697 Gestern
1355 1637 1437 1697 ward
1460 1637 1504 1697 die
1521 1637 1659 1697 Königl.
1677 1637 1831 1697 Krönung
1859 1637 1998 1697 glücklich
2026 1636 2087 1696 und
2109 1637 2214 1697 präch=

1194 1689 1237 1749 tig
1265 1691 1447 1751 vollzogen.
1498 1690 1574 1750 Sr.
1586 1690 1685 1750 Maj.
1697 1688 1823 1748 wurden
1852 1688 1890 1748 um
1923 1688 1934 1748 9
1957 1685 2022 1745 Uhr
2040 1685 2089 1745 des
2111 1685 2210 1745 Mor¬

1190 1745 1269 1805 gens
1299 1744 1349 1804 von
1384 1742 1436 1802 den
1465 1742 1487 1802 in
1522 1742 1733 1802 bischöflichen
1762 1739 1871 1799 Habit
1888 1739 2094 1799 angezognen
2123 1739 2214 1799 geist¬

1194 1792 1286 1852 lichen
1324 1793 1525 1853 Senateurs
1564 1792 1628 1852 und
1667 1790 1721 1850 der
1754 1790 1890 1850 übrigen
1934 1790 1960 1850 in
2010 1790 2189 1850 kirchlichem

1198 1829 1361 1889 Schmuck
1384 1833 1583 1893 angezognen
1615 1831 1856 1891 Geistlichkeit,
1893 1833 1952 1893 aus
1988 1834 2038 1894 dem
2080 1836 2206 1896 Schloß

1198 1876 1267 1936 nach
1298 1876 1348 1936 der
1374 1876 1585 1936 Pfarrkirche
1611 1877 1807 1937 abgeholet,
1833 1876 1938 1936 wohin
1969 1876 2004 1936 sie
2034 1879 2080 1939 sich
2115 1883 2205 1943 unter

1202 1924 1281 1984 einem
1329 1924 1504 1984 prächtigen
1538 1924 1707 1984 Himmel,
1745 1925 1798 1985 den
1830 1924 1845 1984 6
1884 1924 2064 1984 Castellane
2091 1930 2202 1990 trugen

1201 1975 1393 2035 aufgeführt
1416 1975 1470 2035 von
1504 1975 1554 2035 den
1582 1975 1785 2035 Fähndrichs
1819 1972 1873 2032 von
1902 1975 2034 2035 Pohlen
2068 1977 2127 2037 und
2161 1980 2205 2040 Li¬

1191 2025 1309 2085 thauen
1351 2024 1412 2084 mit
1449 2024 1521 2084 noch
1568 2025 1785 2085 aufgerollten
1826 2023 1997 2083 Fahnen,
2033 2023 2094 2083 von
2142 2027 2198 2087 den

1195 2076 1503 2136 Schwerdtträgern
1542 2075 1595 2135 des
1628 2076 1838 2136 Königreichs
1877 2070 1936 2130 und
1969 2075 2206 2135 Großherzog¬

1195 2127 1306 2187 thums
1333 2127 1395 2187 und
1422 2127 1480 2187 von
1512 2127 1559 2187 den
1591 2127 1654 2187 jetzt
1676 2127 1744 2187 noch
1771 2125 1797 2185 im
1840 2126 1960 2186 Dienst
1977 2125 2140 2185 stehenden
2167 2125 2209 2185 li¬

1190 2178 1369 2238 thauischen
1407 2178 1624 2238 Marschällen
1661 2175 1719 2235 und
1752 2175 1777 2235 in
1815 2175 2016 2235 Begleitung
2054 2175 2106 2235 des
2133 2176 2201 2236 Se¬

1195 2226 1270 2286 nats
1303 2228 1362 2288 und
1395 2226 1449 2286 der
1471 2226 1687 2286 Ritterschaft
1710 2226 1871 2286 begaben.
1936 2226 2012 2286 Sr.
2034 2227 2131 2287 Maj.
2158 2228 2206 2288 er¬

1197 2276 1330 2336 schienen
1357 2274 1382 2334 in
1413 2276 1495 2336 einem
1537 2278 1764 2338 Silberstück,
1790 2274 1924 2334 welches
1945 2273 2006 2333 wie
2038 2275 2079 2335 ein
2115 2276 2208 2336 völli¬

1186 2328 1240 2388 ger
1268 2324 1419 2384 Harnisch
1452 2324 1500 2384 der
1523 2324 1582 2384 vom
1621 2327 1734 2387 Haupt
1757 2327 1799 2387 bis
1827 2324 1887 2384 auf
1909 2324 1952 2384 die
1974 2325 2060 2385 Füße
2093 2327 2201 2387 gieng,

1561 2374 1633 2434 Sie
1665 2378 1774 2438 hatten
1821 2375 1893 2435 auch
1935 2375 2023 2435 einen
2060 2375 2195 2435 schwarz

1194 2372 1373 2432 gearbeitet
1402 2373 1489 2433 war.

1193 2423 1368 2483 sammtnen
1405 2424 1576 2484 Helmhut
1607 2426 1674 2486 mit
1701 2426 1820 2486 weißen
1856 2423 2089 2483 Federbüschen
2131 2426 2203 2486 auf.

1199 2470 1296 2530 Ueber
1317 2470 1487 2530 demselben
1519 2473 1616 2533 hatten
1642 2473 1709 2533 Sie
1730 2473 1817 2533 einen
1844 2470 2075 2530 silberstücknen
2101 2470 2204 2530 Man¬

1192 2521 1256 2581 tel,
1284 2518 1342 2578 wie
1375 2519 1423 2579 ihn
1462 2522 1504 2582 die
1532 2523 1753 2583 Geistlichkeit
1775 2520 1807 2580 zu
1840 2519 2018 2579 kirchlichen
2045 2520 2201 2580 Gebräu¬

1186 2569 1254 2629 chen
1287 2569 1386 2629 trägt.
1435 2572 1513 2632 Vor
1541 2575 1657 2635 Ihnen
1694 2570 1805 2630 trugen
1842 2566 1890 2626 die
1917 2566 2101 2626 Woywode
2128 2570 2186 2630 von

1193 2617 1293 2677 Posen
1321 2618 1378 2678 und
1411 2625 1602 2685 Sendomir
1629 2622 1692 2682 und
1726 2619 1778 2679 der
1800 2617 1959 2677 Castellan
1997 2618 2050 2678 von
2087 2620 2198 2680 Wilda

1191 2667 1249 2727 auf
1271 2667 1445 2727 prächtigen
1477 2673 1587 2733 Küssen
1620 2669 1667 2729 die
1689 2667 1815 2727 Krone,
1832 2666 1884 2726 den
1917 2667 2027 2727 Zepter
2054 2669 2112 2729 und
2139 2669 2191 2729 den

1190 2715 1417 2775 Reichsapfel.
1467 2720 1542 2780 Sr.
1565 2720 1662 2780 Maj.
1679 2715 1803 2775 wurden
1831 2715 1858 2775 so
1880 2715 1928 2775 bis
1956 2718 2009 2778 vor
2032 2717 2085 2777 das
2113 2716 2194 2776 hohe

1192 2768 1285 2828 Altar
1308 2765 1335 2825 in
1363 2766 1412 2826 die
1435 2771 1550 2831 Kirche
1573 2766 1728 2826 geführt,
1750 2766 1899 2826 woselbst
1927 2763 1993 2823 Sie
2027 2766 2109 2826 schon
2143 2768 2192 2828 der

1191 2817 1286 2877 Fürst
1308 2817 1450 2877 Primas
1477 2820 1657 2880 erwartete.
1694 2814 1842 2874 Darauf
1858 2817 1948 2877 gieng
1980 2817 2027 2877 die
2054 2814 2202 2874 Ceremo¬

1187 2865 1235 2925 nie
1263 2864 1311 2924 der
1333 2869 1490 2929 Krönung
1518 2869 1577 2929 und
1599 2864 1762 2924 Salbung
1790 2864 1865 2924 vor.
1893 2864 1963 2924 Sr.
1980 2864 2071 2924 Maj.
2088 2867 2202 2927 schwu¬

1184 2921 1239 2981 ren
1267 2921 1432 2981 nochmals
1467 2924 1523 2984 auf
1551 2921 1598 2981 die
1620 2918 1730 2978 Pacta
1752 2918 1944 2978 Conventa,
1966 2918 2104 2978 schlugen
2139 2918 2200 2978 mit

2113 2975 2170 3035 dem
