2479 3508
168 345 222 405 dre
241 345 393 405 Gaben;
424 351 570 411 glücklich
601 351 637 411 ist
656 348 734 408 der,
765 349 893 409 welcher
924 348 966 408 sie
991 348 1088 408 kennt
1119 347 1179 407 und

174 395 369 455 anwendet.
418 396 488 456 Die
511 397 608 457 Wuth
636 398 662 458 zu
696 398 847 458 schreiben
875 397 989 457 bringt
1005 396 1071 456 eine
1093 395 1190 455 Men¬

169 448 207 508 ge
235 445 379 505 unreifer
408 449 579 509 Entwürfe
608 447 752 507 hervor;
781 446 830 506 die
859 448 886 508 in
920 446 1025 506 ächten
1053 444 1192 504 Schrif¬

170 494 218 554 ten
250 494 345 554 aber,
367 494 436 554 jene
458 497 686 557 unsterblichen
714 496 857 556 Werke,
889 497 1000 557 welche
1033 497 1085 557 das
1118 491 1192 551 Ge¬

176 543 229 603 nie
257 542 431 602 entwirft,
453 545 501 605 die
529 548 779 608 Arbeitsamkeit
807 548 991 608 ausführt,
1030 548 1094 608 und
1127 545 1181 605 das

173 592 383 652 Nachsinnen
415 595 603 655 vollendet,
630 595 692 655 sind
724 597 834 657 selten.

223 640 309 700 Man
342 643 423 703 stelle
446 643 494 703 den
522 645 696 705 Menschen
729 643 783 703 das
811 643 974 703 Gemälde
1007 643 1061 703 des
1089 640 1192 700 Men¬

178 691 257 751 schen
284 691 369 751 vor;
396 691 427 751 er
449 694 608 754 betrachte
635 691 661 751 es
689 693 773 753 ohne
800 694 1023 754 Vorurtheil;
1055 693 1081 753 so
1108 688 1187 748 wird

174 739 206 799 er
228 739 277 799 die
299 742 632 802 Schwierigkeiten,
665 742 714 802 die
742 742 791 802 sich
824 742 878 802 dem
922 742 1102 802 glücklichen
1135 733 1194 793 Er¬

171 787 232 847 folg
261 789 533 849 entgegensetzen,
556 789 729 849 erblicken.
763 791 829 851 Die
852 792 991 852 Jugend
1014 792 1069 852 eilt
1092 787 1181 847 gleich

175 836 263 896 einem
305 837 450 897 Traume
477 837 637 897 vorüber.
690 837 746 897 Da
773 840 840 900 man
871 840 944 900 stets
970 840 996 900 im
1038 837 1198 897 Gedrän¬

169 892 207 952 ge
241 887 291 947 der
319 888 570 948 Leidenschaften
604 889 665 949 ist,
699 888 726 948 so
755 891 871 951 behält
900 891 971 951 man
1006 891 1033 951 in
1073 887 1172 947 diesem

175 936 361 996 glücklichen
403 936 496 996 Alter
531 938 606 998 kaum
666 939 752 999 einen
800 939 998 999 Augenblick
1034 936 1196 996 Freyheit

179 984 292 1044 übrig,
309 987 346 1047 sie
368 987 400 1047 zu
422 984 605 1044 bestreiten.
655 987 811 1047 Umsonst
834 987 920 1047 redet
942 987 984 1047 die
1007 987 1190 1047 Vernunft.

171 1031 273 1091 Kann
311 1031 403 1091 wohl
430 1031 457 1091 in
495 1032 592 1092 diesen
625 1032 733 1092 Zeiten
771 1034 825 1094 der
852 1034 992 1094 Unruhe
1031 1033 1090 1093 und
1134 1030 1187 1090 des

175 1082 434 1142 Wahnwitzes,
466 1079 518 1139 die
544 1079 824 1139 ununterbrochen
861 1082 918 1142 auf
950 1082 1105 1142 einander
1136 1079 1198 1139 fol¬

179 1130 269 1190 gen,
292 1130 359 1190 ihre
395 1130 552 1190 Stimme
581 1128 700 1188 Gehör
729 1130 871 1190 finden?
905 1130 978 1190 Die
1008 1130 1081 1190 Zeit
1104 1130 1194 1190 flieht

179 1181 240 1241 mit
263 1181 345 1241 einer
368 1181 530 1241 traurigen
564 1181 887 1241 Geschwindigkeit;
916 1180 976 1240 und
1005 1178 1055 1238 oft
1083 1178 1194 1238 endigt

171 1278 251 1338 fang
285 1279 398 1339 unsers
426 1279 609 1339 Verfalls;
648 1281 691 1341 ein
729 1281 978 1341 unfruchtbarer
1006 1276 1157 1336 Zeitraum

179 1325 227 1385 wo
255 1327 303 1387 die
325 1327 525 1387 abgenutzten
558 1330 769 1390 Triebfedern
803 1330 856 1390 des
884 1330 1041 1390 Geistes,
1068 1329 1116 1389 die
1144 1327 1192 1387 ge¬

187 1378 370 1438 schwächten
403 1378 522 1438 Kräfte
539 1381 593 1441 des
620 1380 772 1440 Genies,
794 1379 842 1439 die
870 1378 1015 1438 beynahe
1038 1377 1194 1437 erloschne

177 1428 521 1488 Einbildungskraft,
545 1428 614 1488 ihre
638 1430 812 1490 Fertigkeit
836 1428 859 1488 im
901 1427 1104 1487 Erschaffen,
1122 1425 1191 1485 ihre

178 1477 388 1537 Leichtigkeit
424 1476 454 1536 im
510 1479 738 1539 Ausführen,
756 1481 822 1541 und
860 1479 1088 1539 Verbessern,
1124 1478 1196 1538 ver¬

170 1524 306 1584 lieren.

233 1574 312 1634 Wie
340 1575 419 1635 viele
440 1577 552 1637 Mühe
586 1578 678 1638 kostet
706 1580 766 1640 es,
787 1578 839 1638 die
860 1578 1045 1638 Wahrheit
1073 1575 1178 1635 mitten

174 1623 268 1683 unter
291 1624 340 1684 den
375 1625 509 1685 Wolken
543 1627 845 1687 hervorzuziehen,
874 1627 918 1687 die
946 1625 1086 1685 bemüht
1115 1623 1175 1683 sind

173 1675 215 1735 sie
242 1672 354 1732 unserm
403 1673 514 1733 Blicke
542 1673 573 1733 zu
611 1675 818 1735 verbergen;
862 1673 915 1733 die
942 1670 1192 1730 Widersprüche

174 1720 208 1780 zu
234 1720 361 1780 heben;
387 1718 436 1778 die
462 1718 619 1778 Zweifel,
654 1718 704 1778 die
734 1715 773 1775 sie
798 1716 1025 1776 veranlaßen,
1051 1715 1198 1775 aufzulö¬

177 1763 256 1823 sen?
285 1763 360 1823 Der
384 1760 478 1820 weite
502 1760 643 1820 Umfang
672 1760 771 1820 dieser
795 1757 907 1817 Arbeit
927 1757 1105 1817 befremdet
1134 1753 1194 1813 und

187 1811 311 1871 schreckt
335 1809 396 1869 ab;
420 1808 453 1868 er
476 1808 600 1868 fordert
618 1808 917 1868 Standhaftigkeit
935 1805 996 1865 und
1020 1802 1200 1862 Entschlos¬

184 1858 336 1918 senheit,
360 1859 387 1919 er
416 1861 569 1921 verlangt
598 1860 750 1920 gleichsam
796 1859 846 1919 die
875 1855 1106 1915 Aufopferung
1141 1854 1197 1914 un¬

189 1909 268 1969 serer
291 1911 398 1971 selbst.
456 1909 545 1969 Man
580 1912 653 1972 muß
687 1912 744 1972 den
779 1909 840 1969 mit
863 1909 971 1969 Rosen
1000 1907 1185 1967 bekränzten

184 1961 384 2021 Aufenthalt
412 1962 596 2022 verlaßen,
635 1962 673 2022 um
730 1960 785 2020 öde
813 1960 969 2020 Thäler,
1008 1959 1047 2019 um
1092 1957 1197 2017 düstre

175 2010 356 2070 Gegenden
394 2011 420 2071 zu
452 2011 670 2071 bewohnen,
708 2011 755 2071 wo
788 2011 851 2071 nur
884 2008 1096 2068 Traurigkeit
1129 2007 1187 2067 und

179 2059 385 2119 Langeweile
408 2058 558 2118 herrscht.
609 2061 697 2121 Man
731 2058 803 2118 muß
843 2058 893 2118 der
916 2055 1199 2115 Annehmlichkeit

182 2108 236 2168 der
270 2109 487 2169 Gesellschaft
509 2109 681 2169 entsagen,
715 2108 764 2168 die
798 2106 859 2166 uns
893 2106 1026 2166 gefällt,
1054 2106 1114 2166 und
1148 2103 1198 2163 de¬

170 2157 225 2217 ren
258 2159 494 2219 Abwechslung
527 2157 725 2217 Vergnügen
753 2157 939 2217 versprach.

231 2205 321 2265 Dies
356 2206 390 2266 ist
413 2208 475 2268 eine
504 2208 629 2268 Menge
664 2205 857 2265 vereinigter
881 2205 1120 2265 Hindernisse,
1143 2201 1194 2261 die

185 2255 254 2315 sehr
278 2255 365 2315 fähig
395 2254 482 2314 sind,
506 2254 557 2314 die
581 2253 709 2313 stärkste
733 2255 803 2315 Lust
833 2255 884 2315 zur
908 2255 1024 2315 Arbeit
1048 2252 1077 2312 zu
1113 2249 1199 2309 ersti¬

182 2303 275 2363 cken.
320 2300 397 2360 Die
415 2303 553 2363 Mühe,
581 2302 692 2362 welche
720 2300 770 2360 die
792 2303 1003 2363 Ausbauung
1037 2300 1086 2360 der
1115 2297 1203 2357 Wis¬

187 2351 373 2411 senschaften
402 2348 543 2408 fordert,
572 2350 605 2410 ist
628 2348 690 2408 sehr
713 2351 939 2411 verdrüßlich;
974 2351 1013 2411 sie
1042 2350 1103 2410 sind
1138 2348 1194 2408 un¬

186 2400 377 2460 ermeßliche
399 2396 653 2456 Landschaften;
686 2396 711 2456 so
744 2397 823 2457 weit
845 2402 919 2462 man
951 2401 1019 2461 auch
1057 2398 1195 2458 darinne

181 2450 419 2510 fortschreitet,
457 2449 541 2509 sieht
569 2446 637 2506 man
675 2446 807 2506 dennoch
840 2451 956 2511 immer
989 2449 1083 2509 Raum
1137 2447 1189 2507 vor

182 2500 257 2560 sich.
302 2502 414 2562 "Was
440 2497 509 2557 man
548 2497 660 2557 weis,
693 2494 730 2554 ist
756 2497 812 2557 nur
844 2500 944 2560 wenig
977 2500 1001 2560 in
1040 2497 1190 2557 Verglei¬

191 2550 309 2610 "chung
332 2548 456 2608 dessen,
485 2548 552 2608 was
581 2547 648 2607 man
683 2544 767 2604 nicht
785 2544 886 2604 weis,
943 2551 1016 2611 sagt
1039 2548 1191 2608 Fonte¬

169 2599 303 2659 nelle.
349 2599 439 2659 Was
473 2599 591 2659 könnte
620 2596 653 2656 zu
687 2594 951 2654 Ueberwindung
992 2598 1042 2658 der
1077 2596 1199 2656 Eigen¬

177 2646 258 2706 liebe
282 2646 456 2706 geschickter
480 2646 573 2706 seyn,
603 2646 648 2706 als
672 2641 753 2701 diese
771 2646 1039 2706 Vergleichung?
1075 2646 1179 2706 Denn

176 2697 355 2757 vergebens
383 2697 486 2757 leisten
514 2697 574 2757 uns
607 2697 655 2757 die
678 2688 917 2748 Zauberkünste
945 2694 999 2754 der
1022 2694 1190 2754 Mannig¬

177 2746 335 2806 faltigkeit
359 2745 553 2805 Beystand,
587 2745 678 2805 unsre
701 2739 1009 2799 Unzulänglichkeit
1033 2745 1089 2805 vor
1118 2745 1180 2805 uns

177 2796 267 2856 selbst
290 2799 318 2859 zu
347 2796 541 2856 verbergen.
593 2793 666 2853 Die
691 2790 918 2850 Betrachtung
948 2793 1032 2853 reißt
1056 2793 1186 2853 alsbald

176 2844 230 2904 den
255 2847 419 2907 Schleyer
444 2847 540 2907 weg,
565 2847 619 2907 den
656 2847 705 2907 der
730 2841 838 2901 Stolz
863 2842 942 2902 über
973 2846 1033 2906 uns
1064 2844 1191 2904 gewor¬

180 2894 226 2954 fen
257 2895 362 2955 hatte.

1278 341 1348 401 Die
1381 345 1576 405 Eigenliebe
1609 348 1726 408 bedarf
1759 348 1843 408 einer
1883 345 2018 405 Stütze.

2080 346 2238 406 Worauf

1221 392 1296 452 aber
1330 392 1444 452 können
1483 392 1570 452 wohl
1598 395 1646 455 die
1674 396 1805 456 meisten
1838 395 2023 455 Gelehrten
2062 393 2138 453 ihre
2166 397 2247 457 aus¬

1224 440 1432 500 schweifende
1456 443 1603 503 Eitelkeit
1632 446 1813 506 gründen?
1848 446 1921 506 Auf
1961 448 2063 508 einige
2097 445 2244 505 erlangte

1221 491 1443 551 Kenntnisse,
1476 494 1524 554 die
1552 494 1622 554 man
1661 497 1688 557 so
1721 496 1807 556 leicht
1836 494 1998 554 verliert;
2031 493 2090 553 auf
2118 494 2242 554 Entde¬

1216 540 1386 600 ckungen,
1409 540 1460 600 die
1484 545 1614 605 Früchte
1638 545 1688 605 des
1717 545 1934 605 Ungefährs;
1963 547 2020 607 auf
2043 545 2242 605 Belohnun¬

1223 590 1282 650 gen
1310 588 1369 648 und
1402 592 1575 652 Vorzüge,
1597 592 1645 652 die
1668 595 1738 655 man
1771 595 1863 655 ihnen
1891 595 2069 655 zugesteht,
2096 595 2145 655 die
2167 593 2242 653 aber

1226 637 1283 697 das
1310 634 1405 694 Werk
1432 640 1516 700 einer
1538 640 1665 700 Cabale
1686 643 1777 703 sind,
1804 643 1861 703 das
1894 643 1967 703 eben
2005 643 2031 703 so
2063 646 2163 706 kurz,
2190 643 2237 703 als

1226 688 1262 748 sie
1300 688 1410 748 selbst,
1444 688 1581 748 dauret,
1613 691 1687 751 oder
1720 691 1767 751 die
1799 694 1868 754 man
1906 694 1958 754 der
1990 694 2239 754 Freygebigkeit

1228 735 1315 795 eines
1346 736 1506 796 Gönners
1538 741 1718 801 verdankt,
1755 742 1883 802 welcher
1915 742 2116 802 Lobsprüche
2148 743 2235 803 durch

1229 786 1444 846 Wohlthaten
1478 789 1619 849 bezahlt.
1687 789 1795 849 Diese
1824 789 1964 849 Gründe
1993 789 2111 849 können
2146 792 2236 852 zwar

1224 837 1280 897 zur
1309 837 1495 897 Eigenliebe
1518 837 1756 897 aufmuntern;
1785 840 1858 900 aber
1881 840 1920 900 sie
1943 837 2005 897 sind
2028 840 2056 900 zu
2090 842 2236 902 schwach,

1230 884 1269 944 sie
1299 884 1327 944 zu
1363 885 1617 945 rechtfertigen.

1665 885 1806 945 Wollten
1835 888 1880 948 die
1904 889 2114 949 Menschen,
2166 891 2239 951 sagt

1221 931 1293 991 eben
1327 933 1466 993 derselbe
1500 936 1673 996 berühmte
1701 937 1968 997 Schriftsteller,
2008 937 2097 997 ”ehe
2120 941 2158 1001 sie
2181 939 2236 999 auf

1233 978 1319 1038 "eine
1341 979 1454 1039 Sache
1477 984 1552 1044 stolz
1574 984 1730 1044 wuͤrden,
1758 986 1811 1046 sich
1834 984 1893 1044 erst
1915 987 2110 1047 versichern,
2137 987 2169 1047 ob
2202 988 2234 1048 sie

1231 1028 1389 1088 "wirklich
1412 1029 1508 1089 ihnen
1537 1029 1717 1089 zugehöre,
1747 1031 1769 1091 so
1798 1029 1910 1089 würde
1934 1031 1961 1091 es
2002 1036 2103 1096 keinen
2132 1035 2239 1095 Stolz

1233 1073 1280 1133 "in
1307 1076 1359 1136 der
1381 1076 1476 1136 Welt
1492 1078 1630 1138 geben.”
1684 1077 1773 1137 Man
1800 1078 1953 1138 betrachte
1981 1079 2054 1139 das,
2071 1082 2139 1142 was
2166 1084 2234 1144 noch

1220 1126 1252 1186 zu
1284 1124 1390 1184 wissen
1423 1127 1518 1187 übrig
1550 1127 1608 1187 ist,
1635 1127 1704 1187 man
1748 1127 1843 1187 werfe
1875 1126 1923 1186 die
1945 1127 2050 1187 Augen
2088 1129 2146 1189 auf
2179 1130 2231 1190 das

1225 1173 1395 1233 Alterthum
1433 1175 1570 1235 zurück,
1602 1177 1671 1237 man
1709 1179 1894 1239 untersuche
1927 1175 1979 1235 den
2007 1178 2149 1238 Umfang
2182 1178 2234 1238 der

182 1231 231 1291 sich
264 1231 358 1291 unsre
381 1231 612 1291 Trunkenheit
635 1231 722 1291 nicht
745 1231 844 1291 eher,
872 1230 921 1290 als
950 1228 1015 1288 mit
1038 1225 1093 1285 den
1127 1225 1198 1285 An=
1232 1222 1358 1282 Künste
1381 1222 1441 1282 und
1464 1222 1513 1282 die
1530 1228 1850 1288 Vollkommenheit,
1873 1225 1922 1285 die
1944 1225 1977 1285 sie
2000 1228 2148 1288 fordern,
2166 1228 2231 1288 man

1223 1273 1402 1333 vergleiche
1430 1273 1472 1333 die
1499 1276 1636 1336 Talente
1657 1276 1715 1336 mit
1743 1279 1795 1339 den
1827 1278 2065 1338 Kenntnissen,
2098 1279 2123 1339 so
2156 1277 2234 1337 wird

1223 1324 1288 1384 man
1327 1324 1431 1384 nichts
1464 1325 1512 1385 als
1540 1327 1852 1387 Unzulänglichkeit
1874 1330 2054 1390 erblicken,
2082 1327 2141 1387 und
2180 1327 2239 1387 mit

1223 1377 1310 1437 jenen
1337 1378 1429 1438 unter
1450 1375 1501 1435 den
1533 1376 1620 1436 Alten
1647 1378 1837 1438 ausrufen:
1874 1376 1884 1436 ”
1910 1377 1977 1437 was
2003 1378 2039 1438 ich
2071 1378 2173 1438 weis,
2200 1380 2235 1440 ist

1231 1425 1378 1485 "dieses,
1407 1425 1463 1485 daß
1486 1424 1526 1484 ich
1555 1425 1656 1485 nichts
1679 1425 1781 1485 weis.

1450 1476 1544 1536 (Der
1573 1476 1728 1536 Beschluß
1756 1477 1837 1537 folgt
1859 1478 2021 1538 küͤnftig.)

1627 1575 1835 1635 Leipzig.

1275 1621 1347 1681 Bey
1378 1624 1602 1684 Weidmanns
1627 1621 1736 1681 Erben
1773 1622 1834 1682 und
1865 1622 1967 1682 Reich
1999 1622 2040 1682 ist
2065 1622 2247 1682 herausge¬

1226 1669 1412 1729 kommen:

1469 1666 1544 1726 Die
1572 1667 1805 1727 Bestimmung
1844 1667 1897 1727 des
1930 1670 2104 1730 Menschen
2143 1667 2218 1727 beym

1235 1712 1457 1772 "Landleben,
1478 1710 1532 1770 gr.
1552 1710 1631 1770 8vo,
1656 1710 1790 1770 1764.”

1844 1712 1918 1772 Die
1939 1712 2113 1772 Zuschrift,
2124 1712 2242 1772 womit

1230 1752 1282 1812 der
1306 1753 1464 1813 Verfasser
1484 1751 1560 1811 diese
1575 1754 1837 1814 Betrachtungen
1862 1757 2015 1817 anfaͤngt,
2029 1757 2062 1817 ist
2073 1757 2105 1817 an
2130 1757 2230 1817 Herrn

1230 1800 1287 1860 M.
1305 1802 1497 1862 Ziehen,
1532 1804 1678 1864 seinen
1719 1805 2237 1865 verehrungswürdigen

1229 1852 1401 1912 Freund
1423 1855 1590 1915 gerichtet,
1607 1854 1666 1914 und
1688 1855 1748 1915 nur
1770 1855 1839 1915 bloß
1862 1855 1915 1915 aus
1948 1855 1996 1915 der
2013 1855 2142 1915 Ursache
2164 1858 2245 1918 aus¬

1224 1906 1399 1966 gefertigt,
1411 1906 1512 1966 damit
1530 1904 1574 1964 der
1598 1906 1739 1966 güͤnstige
1757 1906 1835 1966 Leser
1858 1907 1959 1967 wissen
1983 1906 2089 1966 möͤge,
2107 1909 2219 1969 warum

1225 1954 1278 2014 der
1305 1954 1484 2014 Verfasser,
1511 1957 1643 2017 welcher
1665 1957 1712 2017 sich
1740 1957 1792 2017 M.
1803 1957 1845 2017 C.
1856 1957 1898 2017 C.
1909 1957 1978 2017 St.
1999 1957 2227 2017 unterschreibt

1228 2004 1307 2064 diese
1340 2005 1605 2065 Betrachtungen
1638 2005 1786 2065 gedruckt
1813 2005 1998 2065 angestellet
2026 2005 2126 2065 habe.
2190 2004 2237 2064 Er

1223 2052 1350 2112 schätzet
1373 2052 1473 2112 seinen
1512 2053 1640 2113 Freund
1669 2055 1841 2115 glücklich,
1875 2055 1958 2115 weil
1981 2055 2008 2115 er
2042 2053 2097 2113 sein
2131 2052 2225 2112 Leben

1229 2103 1288 2163 auf
1315 2103 1363 2163 dem
1413 2100 1515 2160 Lande
1549 2100 1721 2160 zubringen
1755 2103 1879 2163 könne,
1912 2103 1976 2163 und
2010 2102 2150 2162 wünscht
2183 2105 2231 2165 sich

1229 2152 1288 2212 das
1316 2148 1445 2208 Glück,
1479 2148 1538 2208 von
1577 2151 1652 2211 allen
1686 2151 2022 2211 Zerstreuungsübeln
2061 2152 2169 2212 erlöset
2197 2154 2228 2214 zu

1229 2199 1387 2259 werden,
1419 2196 1482 2256 und
1514 2197 1615 2257 seinem
1663 2199 1789 2259 Freund
1822 2199 1848 2259 im
1890 2202 2017 2262 Arme,
2055 2202 2107 2262 die
2134 2205 2234 2265 Ruhe

1229 2249 1315 2309 eines
1342 2245 1466 2305 Weisen
1494 2244 1553 2304 und
1581 2246 1667 2306 eines
1695 2249 1835 2309 Christen
1863 2249 2009 2309 genießen
2037 2249 2069 2309 zu
2096 2249 2236 2309 können.

1228 2295 1391 2355 Bilder
1424 2294 1493 2354 des
1526 2296 1667 2356 Todes
1700 2298 1732 2358 im
1782 2298 1998 2358 Frühling
2026 2300 2150 2360 machen
2178 2298 2226 2358 den

1229 2348 1383 2408 Anfang.
1429 2342 1577 2402 Hierauf
1600 2345 1699 2405 folgen
1727 2347 1882 2407 Bilder
1916 2345 1981 2405 des
2010 2345 2148 2405 Todes
2182 2346 2214 2406 im

1228 2397 1471 2457 Sommer,
1515 2393 1593 2453 denn
1642 2396 1806 2456 Bilder
1854 2393 1927 2453 des
1981 2393 2124 2453 Todes
2177 2394 2214 2454 im

1222 2446 1413 2506 Herbst;
1449 2441 1588 2501 hierauf
1618 2445 1723 2505 folget
1752 2446 1816 2506 eine
1846 2440 2114 2500 Betrachtung:
2155 2446 2230 2506 das

1224 2497 1356 2557 Glück
1384 2493 1455 2553 des
1489 2494 1792 2554 Landlebens,
1826 2492 1936 2552 welche
1964 2491 2013 2551 dem
2053 2494 2141 2554 Titel
2169 2495 2235 2555 die¬

1228 2545 1271 2605 ses
1299 2545 1428 2605 Buches
1456 2541 1488 2601 am
1532 2543 1792 2603 angemessensten
1825 2544 1852 2604 zu
1879 2542 1944 2602 seyn
1977 2545 2123 2605 scheinet.
2151 2545 2226 2605 Das

1230 2596 1333 2656 fünfte
1357 2593 1460 2653 Stück
1484 2587 1593 2647 heißt:
1623 2593 1749 2653 GOtt
1779 2593 1813 2653 im
1860 2590 2074 2650 Donner;
2097 2593 2206 2653 hierau

1223 2643 1328 2703 folgen
1371 2638 1730 2698 Betrachtungen
1778 2642 1815 2702 in
1858 2641 1973 2701 einer
2011 2641 2221 2701 einsamen

1221 2691 1376 2751 Laube,
1399 2688 1464 2748 und
1487 2685 1537 2745 den
1565 2689 1697 2749 völligen
1726 2688 1875 2748 Beschluß
1898 2688 2019 2748 machen
2047 2691 2230 2751 Empfin¬

1216 2742 1383 2802 dungen
1417 2735 1461 2795 an
1500 2736 1623 2796 einem
1668 2742 2131 2802 Frühlingsmorgen.
2171 2736 2225 2796 Da

1219 2790 1304 2850 diese
1337 2784 1695 2844 Betrachtungen
1739 2790 1928 2850 überhaupt
1962 2790 1994 2850 zu
2037 2789 2085 2849 dem
2135 2779 2226 2839 Erde

1216 2839 1410 2899 geschrieben
1450 2835 1538 2895 sind,
1572 2840 1627 2900 das
1661 2838 1867 2898 menschliche
1890 2838 1973 2898 Herz
2001 2836 2056 2896 dem
2096 2832 2229 2892 Geräu¬

1220 2891 1288 2951 sche
1314 2888 1345 2948 zu
1384 2888 1579 2948 entführen,
1618 2889 1642 2949 so
1675 2891 1775 2951 hoffen
1808 2891 1895 2951 wir,
1921 2889 1977 2949 daß
2009 2884 2116 2944 unsere
2142 2879 2229 2939 Leser
