<?xml version="1.0" encoding="UTF-8" standalone="yes"?>
<PcGts xmlns="http://schema.primaresearch.org/PAGE/gts/pagecontent/2013-07-15" xmlns:xsi="http://www.w3.org/2001/XMLSchema-instance" xsi:schemaLocation="http://schema.primaresearch.org/PAGE/gts/pagecontent/2013-07-15 http://schema.primaresearch.org/PAGE/gts/pagecontent/2013-07-15/pagecontent.xsd">
    <Metadata>
        <Creator>prov=READ-COOP:name=PyLaia@TranskribusPlatform:version=2.12.1:model_id=39995:lm=none:date=10_04_2024_16:38</Creator>
        <Created>2024-04-10T18:09:59.035+02:00</Created>
        <LastChange>2024-04-10T16:38:27.650Z</LastChange>
        <TranskribusMetadata docId="1932419" pageId="68118524" pageNr="2" tsid="157864849" status="IN_PROGRESS" userId="222699" imgUrl="https://files.transkribus.eu/Get?id=XBJBSIFSRHMUGUTHADVGDGHL&amp;fileType=view" xmlUrl="https://files.transkribus.eu/Get?id=FVLQEJZXXZLZLIILMRFWMPOF" imageId="54393404"/>
    </Metadata>
    <Page imageFilename="68118524.jpg" imageWidth="2479" imageHeight="3508">
        <ReadingOrder>
            <OrderedGroup id="ro_1712767107651" caption="Regions reading order">
                <RegionRefIndexed index="0" regionRef="r_10"/>
                <RegionRefIndexed index="1" regionRef="r_22"/>
                <RegionRefIndexed index="2" regionRef="r_46"/>
                <RegionRefIndexed index="3" regionRef="r_58"/>
                <RegionRefIndexed index="4" regionRef="r_71"/>
            </OrderedGroup>
        </ReadingOrder>
        <Relations/>
        <TextRegion id="r_10" custom="readingOrder {index:0;}">
            <Coords points="216,304 1272,304 1272,2924 216,2924"/>
            <TextLine id="r_10_tl_1" custom="readingOrder {index:0;}">
                <Coords points="226,388 1259,383 1259,335 1211,313 1138,342 1007,311 821,345 226,329"/>
                <Baseline points="232,370 277,370 322,370 367,373 412,373 456,373 501,373 546,373 591,373 635,373 680,373 725,373 770,370 815,370 859,370 904,370 949,370 994,370 1038,370 1083,370 1128,370 1173,370 1218,370 1262,370"/>
                <Word id="r_10_tl_1_w1" custom="readingOrder {index:0;}">
                    <Coords points="232,331 232,391 447,391 447,331"/>
                    <TextEquiv>
                        <Unicode>Monument</Unicode>
                    </TextEquiv>
                </Word>
                <Word id="r_10_tl_1_w2" custom="readingOrder {index:1;}">
                    <Coords points="464,333 464,393 558,393 558,333"/>
                    <TextEquiv>
                        <Unicode>daurt</Unicode>
                    </TextEquiv>
                </Word>
                <Word id="r_10_tl_1_w3" custom="readingOrder {index:2;}">
                    <Coords points="570,333 570,393 680,393 680,333"/>
                    <TextEquiv>
                        <Unicode>länger</Unicode>
                    </TextEquiv>
                </Word>
                <Word id="r_10_tl_1_w4" custom="readingOrder {index:3;}">
                    <Coords points="697,333 697,393 746,393 746,333"/>
                    <TextEquiv>
                        <Unicode>als</Unicode>
                    </TextEquiv>
                </Word>
                <Word id="r_10_tl_1_w5" custom="readingOrder {index:4;}">
                    <Coords points="764,330 764,390 829,390 829,330"/>
                    <TextEquiv>
                        <Unicode>eine</Unicode>
                    </TextEquiv>
                </Word>
                <Word id="r_10_tl_1_w6" custom="readingOrder {index:5;}">
                    <Coords points="852,330 852,390 952,390 952,330"/>
                    <TextEquiv>
                        <Unicode>andre</Unicode>
                    </TextEquiv>
                </Word>
                <Word id="r_10_tl_1_w7" custom="readingOrder {index:6;}">
                    <Coords points="969,330 969,390 1118,390 1118,330"/>
                    <TextEquiv>
                        <Unicode>Schrift.</Unicode>
                    </TextEquiv>
                </Word>
                <Word id="r_10_tl_1_w8" custom="readingOrder {index:7;}">
                    <Coords points="1152,330 1152,390 1245,390 1245,330"/>
                    <TextEquiv>
                        <Unicode>1762</Unicode>
                    </TextEquiv>
                </Word>
                <TextEquiv>
                    <Unicode>Monument daurt länger als eine andre Schrift. 1762</Unicode>
                </TextEquiv>
            </TextLine>
            <TextLine id="r_10_tl_2" custom="readingOrder {index:1;}">
                <Coords points="231,436 1260,434 1260,381 231,389"/>
                <Baseline points="238,420 277,423 322,423 367,423 412,423 456,420 501,423 546,423 591,423 635,423 680,420 725,420 770,423 815,420 859,420 904,423 949,423 994,420 1038,420 1083,420 1128,420 1173,420 1218,420 1262,417"/>
                <Word id="r_10_tl_2_w1" custom="readingOrder {index:0;}">
                    <Coords points="237,381 237,441 270,441 270,381"/>
                    <TextEquiv>
                        <Unicode>d.</Unicode>
                    </TextEquiv>
                </Word>
                <Word id="r_10_tl_2_w2" custom="readingOrder {index:1;}">
                    <Coords points="281,383 281,443 308,443 308,383"/>
                    <TextEquiv>
                        <Unicode>1.</Unicode>
                    </TextEquiv>
                </Word>
                <Word id="r_10_tl_2_w3" custom="readingOrder {index:2;}">
                    <Coords points="320,383 320,443 392,443 392,383"/>
                    <TextEquiv>
                        <Unicode>Oct.</Unicode>
                    </TextEquiv>
                </Word>
                <Word id="r_10_tl_2_w4" custom="readingOrder {index:3;}">
                    <Coords points="409,381 409,441 547,441 547,381"/>
                    <TextEquiv>
                        <Unicode>eröfnete</Unicode>
                    </TextEquiv>
                </Word>
                <Word id="r_10_tl_2_w5" custom="readingOrder {index:4;}">
                    <Coords points="564,383 564,443 630,443 630,383"/>
                    <TextEquiv>
                        <Unicode>Hr.</Unicode>
                    </TextEquiv>
                </Word>
                <Word id="r_10_tl_2_w6" custom="readingOrder {index:5;}">
                    <Coords points="642,381 642,441 686,441 686,381"/>
                    <TextEquiv>
                        <Unicode>D.</Unicode>
                    </TextEquiv>
                </Word>
                <Word id="r_10_tl_2_w7" custom="readingOrder {index:6;}">
                    <Coords points="703,380 703,440 913,440 913,380"/>
                    <TextEquiv>
                        <Unicode>Büsching</Unicode>
                    </TextEquiv>
                </Word>
                <Word id="r_10_tl_2_w8" custom="readingOrder {index:7;}">
                    <Coords points="942,381 942,441 991,441 991,381"/>
                    <TextEquiv>
                        <Unicode>die</Unicode>
                    </TextEquiv>
                </Word>
                <Word id="r_10_tl_2_w9" custom="readingOrder {index:8;}">
                    <Coords points="1008,380 1008,440 1152,440 1152,380"/>
                    <TextEquiv>
                        <Unicode>Schule.</Unicode>
                    </TextEquiv>
                </Word>
                <Word id="r_10_tl_2_w10" custom="readingOrder {index:9;}">
                    <Coords points="1175,380 1175,440 1251,440 1251,380"/>
                    <TextEquiv>
                        <Unicode>Der</Unicode>
                    </TextEquiv>
                </Word>
                <TextEquiv>
                    <Unicode>d. 1. Oct. eröfnete Hr. D. Büsching die Schule. Der</Unicode>
                </TextEquiv>
            </TextLine>
            <TextLine id="r_10_tl_3" custom="readingOrder {index:2;}">
                <Coords points="231,483 1255,481 1255,433 1210,428 231,434"/>
                <Baseline points="238,468 274,468 319,471 364,471 409,471 453,471 498,471 543,471 588,471 632,471 677,471 722,471 767,468 812,471 856,471 901,471 946,471 991,471 1035,468 1080,471 1125,471 1170,471 1215,471 1259,465"/>
                <Word id="r_10_tl_3_w1" custom="readingOrder {index:0;}">
                    <Coords points="236,431 236,491 633,491 633,431"/>
                    <TextEquiv>
                        <Unicode>Generalfeldmarschall</Unicode>
                    </TextEquiv>
                </Word>
                <Word id="r_10_tl_3_w2" custom="readingOrder {index:1;}">
                    <Coords points="650,431 650,491 707,491 707,431"/>
                    <TextEquiv>
                        <Unicode>von</Unicode>
                    </TextEquiv>
                </Word>
                <Word id="r_10_tl_3_w3" custom="readingOrder {index:2;}">
                    <Coords points="745,431 745,491 946,491 946,431"/>
                    <TextEquiv>
                        <Unicode>Münnich</Unicode>
                    </TextEquiv>
                </Word>
                <Word id="r_10_tl_3_w4" custom="readingOrder {index:3;}">
                    <Coords points="983,428 983,488 1078,488 1078,428"/>
                    <TextEquiv>
                        <Unicode>führt</Unicode>
                    </TextEquiv>
                </Word>
                <Word id="r_10_tl_3_w5" custom="readingOrder {index:4;}">
                    <Coords points="1100,431 1100,491 1168,491 1168,431"/>
                    <TextEquiv>
                        <Unicode>jetzt</Unicode>
                    </TextEquiv>
                </Word>
                <Word id="r_10_tl_3_w6" custom="readingOrder {index:5;}">
                    <Coords points="1195,430 1195,490 1247,490 1247,430"/>
                    <TextEquiv>
                        <Unicode>das</Unicode>
                    </TextEquiv>
                </Word>
                <TextEquiv>
                    <Unicode>Generalfeldmarschall von Münnich führt jetzt das</Unicode>
                </TextEquiv>
            </TextLine>
            <TextLine id="r_10_tl_4" custom="readingOrder {index:3;}">
                <Coords points="237,535 1260,527 1226,478 237,486"/>
                <Baseline points="244,519 289,522 334,522 379,522 423,522 468,522 513,519 558,522 603,522 647,522 692,522 737,522 782,522 826,519 871,522 916,519 961,519 1006,522 1050,519 1095,519 1140,519 1185,519 1230,519 1262,522"/>
                <Word id="r_10_tl_4_w1" custom="readingOrder {index:0;}">
                    <Coords points="242,482 242,542 427,542 427,482"/>
                    <TextEquiv>
                        <Unicode>Patronat.</Unicode>
                    </TextEquiv>
                </Word>
                <Word id="r_10_tl_4_w2" custom="readingOrder {index:1;}">
                    <Coords points="479,479 479,539 551,539 551,479"/>
                    <TextEquiv>
                        <Unicode>Die</Unicode>
                    </TextEquiv>
                </Word>
                <Word id="r_10_tl_4_w3" custom="readingOrder {index:2;}">
                    <Coords points="583,482 583,542 695,542 695,482"/>
                    <TextEquiv>
                        <Unicode>Plane</Unicode>
                    </TextEquiv>
                </Word>
                <Word id="r_10_tl_4_w4" custom="readingOrder {index:3;}">
                    <Coords points="722,482 722,542 825,542 825,482"/>
                    <TextEquiv>
                        <Unicode>davon</Unicode>
                    </TextEquiv>
                </Word>
                <Word id="r_10_tl_4_w5" custom="readingOrder {index:4;}">
                    <Coords points="866,480 866,540 933,540 933,480"/>
                    <TextEquiv>
                        <Unicode>sind</Unicode>
                    </TextEquiv>
                </Word>
                <Word id="r_10_tl_4_w6" custom="readingOrder {index:5;}">
                    <Coords points="964,479 964,539 1176,539 1176,479"/>
                    <TextEquiv>
                        <Unicode>anderweitig</Unicode>
                    </TextEquiv>
                </Word>
                <Word id="r_10_tl_4_w7" custom="readingOrder {index:6;}">
                    <Coords points="1207,479 1207,539 1258,539 1258,479"/>
                    <TextEquiv>
                        <Unicode>be¬</Unicode>
                    </TextEquiv>
                </Word>
                <TextEquiv>
                    <Unicode>Patronat. Die Plane davon sind anderweitig be¬</Unicode>
                </TextEquiv>
            </TextLine>
            <TextLine id="r_10_tl_5" custom="readingOrder {index:4;}">
                <Coords points="231,586 1264,585 1264,523 564,523 376,557 231,531"/>
                <Baseline points="238,570 283,573 328,570 373,567 417,570 462,570 507,570 552,573 597,573 641,570 686,573 731,570 776,573 821,570 865,570 910,570 955,570 1000,570 1044,570 1089,570 1134,570 1179,570 1224,570 1268,573"/>
                <Word id="r_10_tl_5_w1" custom="readingOrder {index:0;}">
                    <Coords points="236,532 236,592 351,592 351,532"/>
                    <TextEquiv>
                        <Unicode>kannt.</Unicode>
                    </TextEquiv>
                </Word>
                <Word id="r_10_tl_5_w2" custom="readingOrder {index:1;}">
                    <Coords points="387,530 387,590 473,590 473,530"/>
                    <TextEquiv>
                        <Unicode>Man</Unicode>
                    </TextEquiv>
                </Word>
                <Word id="r_10_tl_5_w3" custom="readingOrder {index:2;}">
                    <Coords points="503,533 503,593 640,593 640,533"/>
                    <TextEquiv>
                        <Unicode>erkennt</Unicode>
                    </TextEquiv>
                </Word>
                <Word id="r_10_tl_5_w4" custom="readingOrder {index:3;}">
                    <Coords points="660,532 660,592 721,592 721,532"/>
                    <TextEquiv>
                        <Unicode>aus</Unicode>
                    </TextEquiv>
                </Word>
                <Word id="r_10_tl_5_w5" custom="readingOrder {index:4;}">
                    <Coords points="747,532 747,592 822,592 822,532"/>
                    <TextEquiv>
                        <Unicode>allem</Unicode>
                    </TextEquiv>
                </Word>
                <Word id="r_10_tl_5_w6" custom="readingOrder {index:5;}">
                    <Coords points="863,530 863,590 913,590 913,530"/>
                    <TextEquiv>
                        <Unicode>die</Unicode>
                    </TextEquiv>
                </Word>
                <Word id="r_10_tl_5_w7" custom="readingOrder {index:6;}">
                    <Coords points="939,530 939,590 1120,590 1120,530"/>
                    <TextEquiv>
                        <Unicode>Sorgfalt,</Unicode>
                    </TextEquiv>
                </Word>
                <Word id="r_10_tl_5_w8" custom="readingOrder {index:7;}">
                    <Coords points="1137,530 1137,590 1262,590 1262,530"/>
                    <TextEquiv>
                        <Unicode>Treue,</Unicode>
                    </TextEquiv>
                </Word>
                <TextEquiv>
                    <Unicode>kannt. Man erkennt aus allem die Sorgfalt, Treue,</Unicode>
                </TextEquiv>
            </TextLine>
            <TextLine id="r_10_tl_6" custom="readingOrder {index:5;}">
                <Coords points="231,624 1254,633 1254,589 1209,583 231,601"/>
                <Baseline points="238,618 283,620 328,618 373,620 417,620 462,618 507,618 552,618 597,620 641,620 686,620 731,620 776,620 821,620 865,620 910,618 955,618 1000,618 1044,620 1089,620 1134,620 1179,618 1224,620 1256,620"/>
                <Word id="r_10_tl_6_w1" custom="readingOrder {index:0;}">
                    <Coords points="236,579 236,639 297,639 297,579"/>
                    <TextEquiv>
                        <Unicode>und</Unicode>
                    </TextEquiv>
                </Word>
                <Word id="r_10_tl_6_w2" custom="readingOrder {index:1;}">
                    <Coords points="334,579 334,639 390,639 390,579"/>
                    <TextEquiv>
                        <Unicode>den</Unicode>
                    </TextEquiv>
                </Word>
                <Word id="r_10_tl_6_w3" custom="readingOrder {index:2;}">
                    <Coords points="433,578 433,638 526,638 526,578"/>
                    <TextEquiv>
                        <Unicode>Eifer</Unicode>
                    </TextEquiv>
                </Word>
                <Word id="r_10_tl_6_w4" custom="readingOrder {index:3;}">
                    <Coords points="557,580 557,640 650,640 650,580"/>
                    <TextEquiv>
                        <Unicode>ihres</Unicode>
                    </TextEquiv>
                </Word>
                <Word id="r_10_tl_6_w5" custom="readingOrder {index:4;}">
                    <Coords points="687,580 687,640 957,640 957,580"/>
                    <TextEquiv>
                        <Unicode>hochverdienten</Unicode>
                    </TextEquiv>
                </Word>
                <Word id="r_10_tl_6_w6" custom="readingOrder {index:5;}">
                    <Coords points="999,580 999,640 1257,640 1257,580"/>
                    <TextEquiv>
                        <Unicode>Directors,</Unicode>
                    </TextEquiv>
                </Word>
                <TextEquiv>
                    <Unicode>und den Eifer ihres hochverdienten Directors,</Unicode>
                </TextEquiv>
            </TextLine>
            <TextLine id="r_10_tl_7" custom="readingOrder {index:6;}">
                <Coords points="240,683 1250,678 1250,629 240,634"/>
                <Baseline points="247,671 268,668 313,668 358,668 403,668 447,668 492,668 537,668 582,671 626,671 671,671 716,671 761,671 806,668 850,668 895,668 940,668 985,668 1030,668 1074,668 1119,668 1164,668 1209,665 1253,668"/>
                <Word id="r_10_tl_7_w1" custom="readingOrder {index:0;}">
                    <Coords points="244,628 244,688 293,688 293,628"/>
                    <TextEquiv>
                        <Unicode>der</Unicode>
                    </TextEquiv>
                </Word>
                <Word id="r_10_tl_7_w2" custom="readingOrder {index:1;}">
                    <Coords points="318,628 318,688 347,688 347,628"/>
                    <TextEquiv>
                        <Unicode>zu</Unicode>
                    </TextEquiv>
                </Word>
                <Word id="r_10_tl_7_w3" custom="readingOrder {index:2;}">
                    <Coords points="381,628 381,688 464,688 464,628"/>
                    <TextEquiv>
                        <Unicode>einem</Unicode>
                    </TextEquiv>
                </Word>
                <Word id="r_10_tl_7_w4" custom="readingOrder {index:3;}">
                    <Coords points="509,628 509,688 577,688 577,628"/>
                    <TextEquiv>
                        <Unicode>eben</Unicode>
                    </TextEquiv>
                </Word>
                <Word id="r_10_tl_7_w5" custom="readingOrder {index:4;}">
                    <Coords points="607,631 607,691 631,691 631,631"/>
                    <TextEquiv>
                        <Unicode>so</Unicode>
                    </TextEquiv>
                </Word>
                <Word id="r_10_tl_7_w6" custom="readingOrder {index:5;}">
                    <Coords points="656,631 656,691 798,691 798,631"/>
                    <TextEquiv>
                        <Unicode>genauen</Unicode>
                    </TextEquiv>
                </Word>
                <Word id="r_10_tl_7_w7" custom="readingOrder {index:6;}">
                    <Coords points="828,628 828,688 1047,688 1047,628"/>
                    <TextEquiv>
                        <Unicode>Geographen</Unicode>
                    </TextEquiv>
                </Word>
                <Word id="r_10_tl_7_w8" custom="readingOrder {index:7;}">
                    <Coords points="1082,628 1082,688 1131,688 1131,628"/>
                    <TextEquiv>
                        <Unicode>als</Unicode>
                    </TextEquiv>
                </Word>
                <Word id="r_10_tl_7_w9" custom="readingOrder {index:8;}">
                    <Coords points="1166,625 1166,685 1244,685 1244,625"/>
                    <TextEquiv>
                        <Unicode>wirk</Unicode>
                    </TextEquiv>
                </Word>
                <TextEquiv>
                    <Unicode>der zu einem eben so genauen Geographen als wirk</Unicode>
                </TextEquiv>
            </TextLine>
            <TextLine id="r_10_tl_8" custom="readingOrder {index:7;}">
                <Coords points="246,736 979,744 1259,727 1260,679 247,683"/>
                <Baseline points="253,722 277,719 322,719 367,719 412,719 456,719 501,719 546,719 591,722 635,722 680,719 725,719 770,716 815,716 859,719 904,719 949,716 994,719 1038,719 1083,719 1128,716 1173,716 1218,713 1262,713"/>
                <Word id="r_10_tl_8_w1" custom="readingOrder {index:0;}">
                    <Coords points="241,679 241,739 343,739 343,679"/>
                    <TextEquiv>
                        <Unicode>samen</Unicode>
                    </TextEquiv>
                </Word>
                <Word id="r_10_tl_8_w2" custom="readingOrder {index:1;}">
                    <Coords points="370,679 370,739 581,739 581,679"/>
                    <TextEquiv>
                        <Unicode>Schulmann</Unicode>
                    </TextEquiv>
                </Word>
                <Word id="r_10_tl_8_w3" custom="readingOrder {index:2;}">
                    <Coords points="613,679 613,739 803,739 803,679"/>
                    <TextEquiv>
                        <Unicode>ausersehen</Unicode>
                    </TextEquiv>
                </Word>
                <Word id="r_10_tl_8_w4" custom="readingOrder {index:3;}">
                    <Coords points="830,678 830,738 886,738 886,678"/>
                    <TextEquiv>
                        <Unicode>ist.</Unicode>
                    </TextEquiv>
                </Word>
                <Word id="r_10_tl_8_w5" custom="readingOrder {index:4;}">
                    <Coords points="938,676 938,736 984,736 984,676"/>
                    <TextEquiv>
                        <Unicode>6)</Unicode>
                    </TextEquiv>
                </Word>
                <Word id="r_10_tl_8_w6" custom="readingOrder {index:5;}">
                    <Coords points="1005,679 1005,739 1036,739 1036,679"/>
                    <TextEquiv>
                        <Unicode>I.</Unicode>
                    </TextEquiv>
                </Word>
                <Word id="r_10_tl_8_w7" custom="readingOrder {index:6;}">
                    <Coords points="1057,679 1057,739 1098,739 1098,679"/>
                    <TextEquiv>
                        <Unicode>A.</Unicode>
                    </TextEquiv>
                </Word>
                <Word id="r_10_tl_8_w8" custom="readingOrder {index:7;}">
                    <Coords points="1119,674 1119,734 1258,734 1258,674"/>
                    <TextEquiv>
                        <Unicode>Starckii</Unicode>
                    </TextEquiv>
                </Word>
                <TextEquiv>
                    <Unicode>samen Schulmann ausersehen ist. 6) I. A. Starckii</Unicode>
                </TextEquiv>
            </TextLine>
            <TextLine id="r_10_tl_9" custom="readingOrder {index:8;}">
                <Coords points="236,775 1264,772 1264,735 1143,719 237,737"/>
                <Baseline points="244,764 289,767 334,764 379,767 423,767 468,767 513,770 558,770 603,770 647,770 692,767 737,767 782,767 826,767 871,767 916,764 961,764 1006,764 1050,767 1095,767 1140,764 1185,767 1230,764 1268,764"/>
                <Word id="r_10_tl_9_w1" custom="readingOrder {index:0;}">
                    <Coords points="236,725 236,785 298,785 298,725"/>
                    <TextEquiv>
                        <Unicode>Gr.</Unicode>
                    </TextEquiv>
                </Word>
                <Word id="r_10_tl_9_w2" custom="readingOrder {index:1;}">
                    <Coords points="324,725 324,785 397,785 397,725"/>
                    <TextEquiv>
                        <Unicode>Lat.</Unicode>
                    </TextEquiv>
                </Word>
                <Word id="r_10_tl_9_w3" custom="readingOrder {index:2;}">
                    <Coords points="423,727 423,787 454,787 454,727"/>
                    <TextEquiv>
                        <Unicode>et</Unicode>
                    </TextEquiv>
                </Word>
                <Word id="r_10_tl_9_w4" custom="readingOrder {index:3;}">
                    <Coords points="481,729 481,789 532,789 532,729"/>
                    <TextEquiv>
                        <Unicode>O.</Unicode>
                    </TextEquiv>
                </Word>
                <Word id="r_10_tl_9_w5" custom="readingOrder {index:4;}">
                    <Coords points="548,730 548,790 600,790 600,730"/>
                    <TextEquiv>
                        <Unicode>O.</Unicode>
                    </TextEquiv>
                </Word>
                <Word id="r_10_tl_9_w6" custom="readingOrder {index:5;}">
                    <Coords points="616,730 616,790 652,790 652,730"/>
                    <TextEquiv>
                        <Unicode>L.</Unicode>
                    </TextEquiv>
                </Word>
                <Word id="r_10_tl_9_w7" custom="readingOrder {index:6;}">
                    <Coords points="679,727 679,787 704,787 704,727"/>
                    <TextEquiv>
                        <Unicode>in</Unicode>
                    </TextEquiv>
                </Word>
                <Word id="r_10_tl_9_w8" custom="readingOrder {index:7;}">
                    <Coords points="741,727 741,787 907,787 907,727"/>
                    <TextEquiv>
                        <Unicode>Gymnas.</Unicode>
                    </TextEquiv>
                </Word>
                <Word id="r_10_tl_9_w9" custom="readingOrder {index:8;}">
                    <Coords points="929,724 929,784 1022,784 1022,724"/>
                    <TextEquiv>
                        <Unicode>Petr.</Unicode>
                    </TextEquiv>
                </Word>
                <Word id="r_10_tl_9_w10" custom="readingOrder {index:9;}">
                    <Coords points="1044,724 1044,784 1210,784 1210,724"/>
                    <TextEquiv>
                        <Unicode>Praelect.</Unicode>
                    </TextEquiv>
                </Word>
                <Word id="r_10_tl_9_w11" custom="readingOrder {index:10;}">
                    <Coords points="1231,724 1231,784 1262,784 1262,724"/>
                    <TextEquiv>
                        <Unicode>et</Unicode>
                    </TextEquiv>
                </Word>
                <TextEquiv>
                    <Unicode>Gr. Lat. et O. O. L. in Gymnas. Petr. Praelect. et</Unicode>
                </TextEquiv>
            </TextLine>
            <TextLine id="r_10_tl_10" custom="readingOrder {index:9;}">
                <Coords points="237,818 1262,820 1262,784 1187,773 237,776"/>
                <Baseline points="244,812 280,815 325,815 370,815 414,815 459,815 504,815 549,815 594,815 638,815 683,815 728,815 773,815 818,815 862,818 907,818 952,815 997,815 1041,815 1086,815 1131,815 1176,812 1221,812 1265,809"/>
                <Word id="r_10_tl_10_w1" custom="readingOrder {index:0;}">
                    <Coords points="242,775 242,835 321,835 321,775"/>
                    <TextEquiv>
                        <Unicode>Soc.</Unicode>
                    </TextEquiv>
                </Word>
                <Word id="r_10_tl_10_w2" custom="readingOrder {index:1;}">
                    <Coords points="337,775 337,835 423,835 423,775"/>
                    <TextEquiv>
                        <Unicode>Reg.</Unicode>
                    </TextEquiv>
                </Word>
                <Word id="r_10_tl_10_w3" custom="readingOrder {index:2;}">
                    <Coords points="438,775 438,835 544,835 544,775"/>
                    <TextEquiv>
                        <Unicode>Teut.</Unicode>
                    </TextEquiv>
                </Word>
                <Word id="r_10_tl_10_w4" custom="readingOrder {index:3;}">
                    <Coords points="560,775 560,835 654,835 654,775"/>
                    <TextEquiv>
                        <Unicode>Gott.</Unicode>
                    </TextEquiv>
                </Word>
                <Word id="r_10_tl_10_w5" custom="readingOrder {index:4;}">
                    <Coords points="676,775 676,835 786,835 786,775"/>
                    <TextEquiv>
                        <Unicode>Adscr.</Unicode>
                    </TextEquiv>
                </Word>
                <Word id="r_10_tl_10_w6" custom="readingOrder {index:5;}">
                    <Coords points="801,778 801,838 993,838 993,778"/>
                    <TextEquiv>
                        <Unicode>Dissertatio</Unicode>
                    </TextEquiv>
                </Word>
                <Word id="r_10_tl_10_w7" custom="readingOrder {index:6;}">
                    <Coords points="1029,774 1029,834 1260,834 1260,774"/>
                    <TextEquiv>
                        <Unicode>philologico¬</Unicode>
                    </TextEquiv>
                </Word>
                <TextEquiv>
                    <Unicode>Soc. Reg. Teut. Gott. Adscr. Dissertatio philologico¬</Unicode>
                </TextEquiv>
            </TextLine>
            <TextLine id="r_10_tl_11" custom="readingOrder {index:10;}">
                <Coords points="240,874 1264,879 1264,836 1195,821 921,851 240,833"/>
                <Baseline points="247,865 283,865 328,865 373,862 417,865 462,862 507,865 552,865 597,865 641,865 686,865 731,865 776,865 821,865 865,865 910,865 955,865 1000,862 1044,865 1089,865 1134,862 1179,862 1224,859 1268,859"/>
                <Word id="r_10_tl_11_w1" custom="readingOrder {index:0;}">
                    <Coords points="239,825 239,885 348,885 348,825"/>
                    <TextEquiv>
                        <Unicode>critica</Unicode>
                    </TextEquiv>
                </Word>
                <Word id="r_10_tl_11_w2" custom="readingOrder {index:1;}">
                    <Coords points="387,824 387,884 420,884 420,824"/>
                    <TextEquiv>
                        <Unicode>de</Unicode>
                    </TextEquiv>
                </Word>
                <Word id="r_10_tl_11_w3" custom="readingOrder {index:2;}">
                    <Coords points="459,825 459,885 683,885 683,825"/>
                    <TextEquiv>
                        <Unicode>Varietatibus</Unicode>
                    </TextEquiv>
                </Word>
                <Word id="r_10_tl_11_w4" custom="readingOrder {index:3;}">
                    <Coords points="717,825 717,885 889,885 889,825"/>
                    <TextEquiv>
                        <Unicode>Lectionis</Unicode>
                    </TextEquiv>
                </Word>
                <Word id="r_10_tl_11_w5" custom="readingOrder {index:4;}">
                    <Coords points="924,825 924,885 961,885 961,825"/>
                    <TextEquiv>
                        <Unicode>ad</Unicode>
                    </TextEquiv>
                </Word>
                <Word id="r_10_tl_11_w6" custom="readingOrder {index:5;}">
                    <Coords points="995,825 995,885 1143,885 1143,825"/>
                    <TextEquiv>
                        <Unicode>Codices</Unicode>
                    </TextEquiv>
                </Word>
                <Word id="r_10_tl_11_w7" custom="readingOrder {index:6;}">
                    <Coords points="1182,819 1182,879 1248,879 1248,819"/>
                    <TextEquiv>
                        <Unicode>Vet</Unicode>
                    </TextEquiv>
                </Word>
                <TextEquiv>
                    <Unicode>critica de Varietatibus Lectionis ad Codices Vet</Unicode>
                </TextEquiv>
            </TextLine>
            <TextLine id="r_10_tl_12" custom="readingOrder {index:11;}">
                <Coords points="237,921 1260,927 1245,872 912,902 237,871"/>
                <Baseline points="244,910 289,910 334,913 379,913 423,913 468,910 513,913 558,913 603,913 647,913 692,913 737,913 782,913 826,913 871,916 916,913 961,913 1006,913 1050,916 1095,916 1140,916 1185,913 1230,913 1262,913"/>
                <Word id="r_10_tl_12_w1" custom="readingOrder {index:0;}">
                    <Coords points="243,870 243,930 334,930 334,870"/>
                    <TextEquiv>
                        <Unicode>Test.</Unicode>
                    </TextEquiv>
                </Word>
                <Word id="r_10_tl_12_w2" custom="readingOrder {index:1;}">
                    <Coords points="356,872 356,932 501,932 501,872"/>
                    <TextEquiv>
                        <Unicode>Ebraeos</Unicode>
                    </TextEquiv>
                </Word>
                <Word id="r_10_tl_12_w3" custom="readingOrder {index:2;}">
                    <Coords points="529,873 529,933 620,933 620,873"/>
                    <TextEquiv>
                        <Unicode>caute</Unicode>
                    </TextEquiv>
                </Word>
                <Word id="r_10_tl_12_w4" custom="readingOrder {index:3;}">
                    <Coords points="653,873 653,933 874,933 874,873"/>
                    <TextEquiv>
                        <Unicode>colligendis.</Unicode>
                    </TextEquiv>
                </Word>
                <Word id="r_10_tl_12_w5" custom="readingOrder {index:4;}">
                    <Coords points="945,873 945,933 993,933 993,873"/>
                    <TextEquiv>
                        <Unicode>Er</Unicode>
                    </TextEquiv>
                </Word>
                <Word id="r_10_tl_12_w6" custom="readingOrder {index:5;}">
                    <Coords points="1021,876 1021,936 1123,936 1123,876"/>
                    <TextEquiv>
                        <Unicode>zeigt,</Unicode>
                    </TextEquiv>
                </Word>
                <Word id="r_10_tl_12_w7" custom="readingOrder {index:6;}">
                    <Coords points="1156,873 1156,933 1253,933 1253,873"/>
                    <TextEquiv>
                        <Unicode>solche</Unicode>
                    </TextEquiv>
                </Word>
                <TextEquiv>
                    <Unicode>Test. Ebraeos caute colligendis. Er zeigt, solche</Unicode>
                </TextEquiv>
            </TextLine>
            <TextLine id="r_10_tl_13" custom="readingOrder {index:12;}">
                <Coords points="235,973 1262,979 1262,927 1187,921 235,928"/>
                <Baseline points="241,964 280,964 325,964 370,964 414,964 459,964 504,964 549,964 594,964 638,964 683,967 728,967 773,967 818,964 862,964 907,964 952,964 997,964 1041,964 1086,967 1131,964 1176,964 1221,961 1265,961"/>
                <Word id="r_10_tl_13_w1" custom="readingOrder {index:0;}">
                    <Coords points="241,924 241,984 349,984 349,924"/>
                    <TextEquiv>
                        <Unicode>Kritik</Unicode>
                    </TextEquiv>
                </Word>
                <Word id="r_10_tl_13_w2" custom="readingOrder {index:1;}">
                    <Coords points="371,924 371,984 475,984 475,924"/>
                    <TextEquiv>
                        <Unicode>schade</Unicode>
                    </TextEquiv>
                </Word>
                <Word id="r_10_tl_13_w3" custom="readingOrder {index:2;}">
                    <Coords points="502,924 502,984 583,984 583,924"/>
                    <TextEquiv>
                        <Unicode>nicht</Unicode>
                    </TextEquiv>
                </Word>
                <Word id="r_10_tl_13_w4" custom="readingOrder {index:3;}">
                    <Coords points="606,924 606,984 655,984 655,924"/>
                    <TextEquiv>
                        <Unicode>der</Unicode>
                    </TextEquiv>
                </Word>
                <Word id="r_10_tl_13_w5" custom="readingOrder {index:4;}">
                    <Coords points="677,927 677,987 867,987 867,927"/>
                    <TextEquiv>
                        <Unicode>Religion,</Unicode>
                    </TextEquiv>
                </Word>
                <Word id="r_10_tl_13_w6" custom="readingOrder {index:5;}">
                    <Coords points="895,924 895,984 1036,984 1036,924"/>
                    <TextEquiv>
                        <Unicode>ferner,</Unicode>
                    </TextEquiv>
                </Word>
                <Word id="r_10_tl_13_w7" custom="readingOrder {index:6;}">
                    <Coords points="1064,924 1064,984 1178,984 1178,924"/>
                    <TextEquiv>
                        <Unicode>woher</Unicode>
                    </TextEquiv>
                </Word>
                <Word id="r_10_tl_13_w8" custom="readingOrder {index:7;}">
                    <Coords points="1211,921 1211,981 1259,981 1259,921"/>
                    <TextEquiv>
                        <Unicode>die</Unicode>
                    </TextEquiv>
                </Word>
                <TextEquiv>
                    <Unicode>Kritik schade nicht der Religion, ferner, woher die</Unicode>
                </TextEquiv>
            </TextLine>
            <TextLine id="r_10_tl_14" custom="readingOrder {index:13;}">
                <Coords points="240,1018 1263,1023 1227,964 696,1000 240,972"/>
                <Baseline points="247,1012 280,1012 325,1012 370,1012 414,1012 459,1012 504,1015 549,1015 594,1012 638,1015 683,1012 728,1018 773,1015 818,1015 862,1015 907,1015 952,1015 997,1015 1041,1015 1086,1015 1131,1012 1176,1012 1221,1012 1265,1006"/>
                <Word id="r_10_tl_14_w1" custom="readingOrder {index:0;}">
                    <Coords points="240,972 240,1032 420,1032 420,972"/>
                    <TextEquiv>
                        <Unicode>Varianten</Unicode>
                    </TextEquiv>
                </Word>
                <Word id="r_10_tl_14_w2" custom="readingOrder {index:1;}">
                    <Coords points="458,974 458,1034 670,1034 670,974"/>
                    <TextEquiv>
                        <Unicode>entstanden,</Unicode>
                    </TextEquiv>
                </Word>
                <Word id="r_10_tl_14_w3" custom="readingOrder {index:2;}">
                    <Coords points="703,977 703,1037 766,1037 766,977"/>
                    <TextEquiv>
                        <Unicode>und</Unicode>
                    </TextEquiv>
                </Word>
                <Word id="r_10_tl_14_w4" custom="readingOrder {index:3;}">
                    <Coords points="794,975 794,1035 1032,1035 1032,975"/>
                    <TextEquiv>
                        <Unicode>Hülfsmittel,</Unicode>
                    </TextEquiv>
                </Word>
                <Word id="r_10_tl_14_w5" custom="readingOrder {index:4;}">
                    <Coords points="1065,972 1065,1032 1176,1032 1176,972"/>
                    <TextEquiv>
                        <Unicode>falsche</Unicode>
                    </TextEquiv>
                </Word>
                <Word id="r_10_tl_14_w6" custom="readingOrder {index:5;}">
                    <Coords points="1208,970 1208,1030 1261,1030 1261,970"/>
                    <TextEquiv>
                        <Unicode>Le¬</Unicode>
                    </TextEquiv>
                </Word>
                <TextEquiv>
                    <Unicode>Varianten entstanden, und Hülfsmittel, falsche Le¬</Unicode>
                </TextEquiv>
            </TextLine>
            <TextLine id="r_10_tl_15" custom="readingOrder {index:14;}">
                <Coords points="242,1077 1268,1059 1246,1016 954,1048 242,1021"/>
                <Baseline points="250,1062 286,1062 331,1062 376,1062 420,1062 465,1065 510,1062 555,1062 600,1062 644,1059 689,1062 734,1062 779,1062 824,1062 868,1062 913,1062 958,1059 1003,1062 1047,1062 1092,1062 1137,1062 1182,1059 1227,1059 1271,1056"/>
                <Word id="r_10_tl_15_w1" custom="readingOrder {index:0;}">
                    <Coords points="242,1022 242,1082 356,1082 356,1022"/>
                    <TextEquiv>
                        <Unicode>searten</Unicode>
                    </TextEquiv>
                </Word>
                <Word id="r_10_tl_15_w2" custom="readingOrder {index:1;}">
                    <Coords points="383,1022 383,1082 413,1082 413,1022"/>
                    <TextEquiv>
                        <Unicode>zu</Unicode>
                    </TextEquiv>
                </Word>
                <Word id="r_10_tl_15_w3" custom="readingOrder {index:2;}">
                    <Coords points="440,1022 440,1082 623,1082 623,1022"/>
                    <TextEquiv>
                        <Unicode>entdecken,</Unicode>
                    </TextEquiv>
                </Word>
                <Word id="r_10_tl_15_w4" custom="readingOrder {index:3;}">
                    <Coords points="650,1020 650,1080 675,1080 675,1020"/>
                    <TextEquiv>
                        <Unicode>in</Unicode>
                    </TextEquiv>
                </Word>
                <Word id="r_10_tl_15_w5" custom="readingOrder {index:4;}">
                    <Coords points="707,1022 707,1082 926,1082 926,1022"/>
                    <TextEquiv>
                        <Unicode>Beyspielen.</Unicode>
                    </TextEquiv>
                </Word>
                <Word id="r_10_tl_15_w6" custom="readingOrder {index:5;}">
                    <Coords points="979,1022 979,1082 1052,1082 1052,1022"/>
                    <TextEquiv>
                        <Unicode>Uns</Unicode>
                    </TextEquiv>
                </Word>
                <Word id="r_10_tl_15_w7" custom="readingOrder {index:6;}">
                    <Coords points="1073,1022 1073,1082 1188,1082 1188,1022"/>
                    <TextEquiv>
                        <Unicode>gefallt</Unicode>
                    </TextEquiv>
                </Word>
                <Word id="r_10_tl_15_w8" custom="readingOrder {index:7;}">
                    <Coords points="1209,1018 1209,1078 1261,1078 1261,1018"/>
                    <TextEquiv>
                        <Unicode>der</Unicode>
                    </TextEquiv>
                </Word>
                <TextEquiv>
                    <Unicode>searten zu entdecken, in Beyspielen. Uns gefallt der</Unicode>
                </TextEquiv>
            </TextLine>
            <TextLine id="r_10_tl_16" custom="readingOrder {index:15;}">
                <Coords points="237,1129 1262,1123 1262,1066 1193,1061 237,1075"/>
                <Baseline points="244,1110 280,1107 325,1110 370,1110 414,1110 459,1110 504,1110 549,1110 594,1110 638,1110 683,1110 728,1110 773,1110 818,1110 862,1107 907,1107 952,1107 997,1110 1041,1110 1086,1110 1131,1110 1176,1110 1221,1107 1265,1104"/>
                <Word id="r_10_tl_16_w1" custom="readingOrder {index:0;}">
                    <Coords points="242,1070 242,1130 432,1130 432,1070"/>
                    <TextEquiv>
                        <Unicode>Gedanke,</Unicode>
                    </TextEquiv>
                </Word>
                <Word id="r_10_tl_16_w2" custom="readingOrder {index:1;}">
                    <Coords points="470,1070 470,1130 528,1130 528,1070"/>
                    <TextEquiv>
                        <Unicode>daß</Unicode>
                    </TextEquiv>
                </Word>
                <Word id="r_10_tl_16_w3" custom="readingOrder {index:2;}">
                    <Coords points="566,1070 566,1130 650,1130 650,1070"/>
                    <TextEquiv>
                        <Unicode>wenn</Unicode>
                    </TextEquiv>
                </Word>
                <Word id="r_10_tl_16_w4" custom="readingOrder {index:3;}">
                    <Coords points="688,1070 688,1130 740,1130 740,1070"/>
                    <TextEquiv>
                        <Unicode>die</Unicode>
                    </TextEquiv>
                </Word>
                <Word id="r_10_tl_16_w5" custom="readingOrder {index:4;}">
                    <Coords points="772,1070 772,1130 852,1130 852,1070"/>
                    <TextEquiv>
                        <Unicode>heil.</Unicode>
                    </TextEquiv>
                </Word>
                <Word id="r_10_tl_16_w6" custom="readingOrder {index:5;}">
                    <Coords points="879,1069 879,1129 1106,1129 1106,1069"/>
                    <TextEquiv>
                        <Unicode>Schrifsteller</Unicode>
                    </TextEquiv>
                </Word>
                <Word id="r_10_tl_16_w7" custom="readingOrder {index:6;}">
                    <Coords points="1134,1068 1134,1128 1265,1128 1265,1068"/>
                    <TextEquiv>
                        <Unicode>zurück¬</Unicode>
                    </TextEquiv>
                </Word>
                <TextEquiv>
                    <Unicode>Gedanke, daß wenn die heil. Schrifsteller zurück¬</Unicode>
                </TextEquiv>
            </TextLine>
            <TextLine id="r_10_tl_17" custom="readingOrder {index:16;}">
                <Coords points="231,1178 1264,1164 1264,1121 231,1126"/>
                <Baseline points="238,1158 283,1158 328,1158 373,1161 417,1158 462,1158 507,1158 552,1158 597,1158 641,1158 686,1158 731,1158 776,1155 821,1158 865,1158 910,1158 955,1158 1000,1155 1044,1158 1089,1158 1134,1158 1179,1158 1224,1158 1268,1152"/>
                <Word id="r_10_tl_17_w1" custom="readingOrder {index:0;}">
                    <Coords points="237,1118 237,1178 410,1178 410,1118"/>
                    <TextEquiv>
                        <Unicode>kommen,</Unicode>
                    </TextEquiv>
                </Word>
                <Word id="r_10_tl_17_w2" custom="readingOrder {index:1;}">
                    <Coords points="439,1118 439,1178 498,1178 498,1118"/>
                    <TextEquiv>
                        <Unicode>und</Unicode>
                    </TextEquiv>
                </Word>
                <Word id="r_10_tl_17_w3" custom="readingOrder {index:2;}">
                    <Coords points="526,1118 526,1178 596,1178 596,1118"/>
                    <TextEquiv>
                        <Unicode>ihre</Unicode>
                    </TextEquiv>
                </Word>
                <Word id="r_10_tl_17_w4" custom="readingOrder {index:3;}">
                    <Coords points="618,1118 618,1178 673,1178 673,1118"/>
                    <TextEquiv>
                        <Unicode>von</Unicode>
                    </TextEquiv>
                </Word>
                <Word id="r_10_tl_17_w5" custom="readingOrder {index:4;}">
                    <Coords points="706,1116 706,1176 891,1176 891,1116"/>
                    <TextEquiv>
                        <Unicode>Mystikern</Unicode>
                    </TextEquiv>
                </Word>
                <Word id="r_10_tl_17_w6" custom="readingOrder {index:5;}">
                    <Coords points="924,1118 924,1178 983,1178 983,1118"/>
                    <TextEquiv>
                        <Unicode>und</Unicode>
                    </TextEquiv>
                </Word>
                <Word id="r_10_tl_17_w7" custom="readingOrder {index:6;}">
                    <Coords points="1011,1118 1011,1178 1174,1178 1174,1118"/>
                    <TextEquiv>
                        <Unicode>Kritikern</Unicode>
                    </TextEquiv>
                </Word>
                <Word id="r_10_tl_17_w8" custom="readingOrder {index:7;}">
                    <Coords points="1202,1116 1202,1176 1261,1176 1261,1116"/>
                    <TextEquiv>
                        <Unicode>zer¬</Unicode>
                    </TextEquiv>
                </Word>
                <TextEquiv>
                    <Unicode>kommen, und ihre von Mystikern und Kritikern zer¬</Unicode>
                </TextEquiv>
            </TextLine>
            <TextLine id="r_10_tl_18" custom="readingOrder {index:17;}">
                <Coords points="237,1224 1182,1226 1268,1214 1269,1162 237,1179"/>
                <Baseline points="244,1215 286,1209 331,1209 376,1206 420,1209 465,1209 510,1209 555,1209 600,1209 644,1209 689,1209 734,1209 779,1209 824,1209 868,1209 913,1206 958,1209 1003,1206 1047,1206 1092,1209 1137,1209 1182,1209 1227,1206 1271,1203"/>
                <Word id="r_10_tl_18_w1" custom="readingOrder {index:0;}">
                    <Coords points="237,1169 237,1229 342,1229 342,1169"/>
                    <TextEquiv>
                        <Unicode>zerrte</Unicode>
                    </TextEquiv>
                </Word>
                <Word id="r_10_tl_18_w2" custom="readingOrder {index:1;}">
                    <Coords points="364,1169 364,1229 532,1229 532,1169"/>
                    <TextEquiv>
                        <Unicode>Schriften</Unicode>
                    </TextEquiv>
                </Word>
                <Word id="r_10_tl_18_w3" custom="readingOrder {index:2;}">
                    <Coords points="570,1169 570,1229 712,1229 712,1169"/>
                    <TextEquiv>
                        <Unicode>erblicken</Unicode>
                    </TextEquiv>
                </Word>
                <Word id="r_10_tl_18_w4" custom="readingOrder {index:3;}">
                    <Coords points="749,1169 749,1229 886,1229 886,1169"/>
                    <TextEquiv>
                        <Unicode>sollten,</Unicode>
                    </TextEquiv>
                </Word>
                <Word id="r_10_tl_18_w5" custom="readingOrder {index:4;}">
                    <Coords points="908,1167 908,1227 976,1227 976,1167"/>
                    <TextEquiv>
                        <Unicode>sie,</Unicode>
                    </TextEquiv>
                </Word>
                <Word id="r_10_tl_18_w6" custom="readingOrder {index:5;}">
                    <Coords points="1003,1166 1003,1226 1061,1226 1061,1166"/>
                    <TextEquiv>
                        <Unicode>wie</Unicode>
                    </TextEquiv>
                </Word>
                <Word id="r_10_tl_18_w7" custom="readingOrder {index:6;}">
                    <Coords points="1082,1169 1082,1229 1251,1229 1251,1169"/>
                    <TextEquiv>
                        <Unicode>Aeneas</Unicode>
                    </TextEquiv>
                </Word>
                <TextEquiv>
                    <Unicode>zerrte Schriften erblicken sollten, sie, wie Aeneas</Unicode>
                </TextEquiv>
            </TextLine>
            <TextLine id="r_10_tl_19" custom="readingOrder {index:18;}">
                <Coords points="237,1268 1260,1284 1262,1222 237,1224"/>
                <Baseline points="244,1256 280,1259 325,1259 370,1259 414,1256 459,1259 504,1259 549,1259 594,1259 638,1259 683,1259 728,1259 773,1259 818,1259 862,1259 907,1256 952,1259 997,1256 1041,1256 1086,1256 1131,1256 1176,1256 1221,1253 1265,1250"/>
                <Word id="r_10_tl_19_w1" custom="readingOrder {index:0;}">
                    <Coords points="237,1217 237,1277 291,1277 291,1217"/>
                    <TextEquiv>
                        <Unicode>bey</Unicode>
                    </TextEquiv>
                </Word>
                <Word id="r_10_tl_19_w2" custom="readingOrder {index:1;}">
                    <Coords points="319,1219 319,1279 367,1279 367,1219"/>
                    <TextEquiv>
                        <Unicode>dem</Unicode>
                    </TextEquiv>
                </Word>
                <Word id="r_10_tl_19_w3" custom="readingOrder {index:2;}">
                    <Coords points="411,1219 411,1279 563,1279 563,1219"/>
                    <TextEquiv>
                        <Unicode>Leichnam</Unicode>
                    </TextEquiv>
                </Word>
                <Word id="r_10_tl_19_w4" custom="readingOrder {index:3;}">
                    <Coords points="602,1219 602,1279 650,1279 650,1219"/>
                    <TextEquiv>
                        <Unicode>des</Unicode>
                    </TextEquiv>
                </Word>
                <Word id="r_10_tl_19_w5" custom="readingOrder {index:4;}">
                    <Coords points="678,1219 678,1279 851,1279 851,1219"/>
                    <TextEquiv>
                        <Unicode>zerhackten</Unicode>
                    </TextEquiv>
                </Word>
                <Word id="r_10_tl_19_w6" custom="readingOrder {index:5;}">
                    <Coords points="890,1216 890,1276 1189,1276 1189,1216"/>
                    <TextEquiv>
                        <Unicode>Deiphobus,</Unicode>
                    </TextEquiv>
                </Word>
                <Word id="r_10_tl_19_w7" custom="readingOrder {index:6;}">
                    <Coords points="1217,1211 1217,1271 1265,1271 1265,1211"/>
                    <TextEquiv>
                        <Unicode>er¬</Unicode>
                    </TextEquiv>
                </Word>
                <TextEquiv>
                    <Unicode>bey dem Leichnam des zerhackten Deiphobus, er¬</Unicode>
                </TextEquiv>
            </TextLine>
            <TextLine id="r_10_tl_20" custom="readingOrder {index:19;}">
                <Coords points="237,1329 332,1338 374,1325 406,1336 423,1324 552,1327 552,1272 510,1280 437,1269 370,1284 237,1268"/>
                <Baseline points="244,1313 286,1310 331,1307 376,1307 420,1307 465,1307 510,1310 555,1310"/>
                <Word id="r_10_tl_20_w1" custom="readingOrder {index:0;}">
                    <Coords points="242,1269 242,1329 360,1329 360,1269"/>
                    <TextEquiv>
                        <Unicode>starren</Unicode>
                    </TextEquiv>
                </Word>
                <Word id="r_10_tl_20_w2" custom="readingOrder {index:1;}">
                    <Coords points="388,1267 388,1327 544,1327 544,1267"/>
                    <TextEquiv>
                        <Unicode>wuͤrden.</Unicode>
                    </TextEquiv>
                </Word>
                <TextEquiv>
                    <Unicode>starren wuͤrden.</Unicode>
                </TextEquiv>
            </TextLine>
            <TextLine id="r_10_tl_21" custom="readingOrder {index:20;}">
                <Coords points="593,1366 1032,1385 1032,1326 736,1331 688,1313 644,1331 593,1315"/>
                <Baseline points="600,1358 644,1358 689,1358 734,1358 779,1358 824,1358 868,1358 913,1358 958,1358 1003,1358 1035,1358"/>
                <Word id="r_10_tl_21_w1" custom="readingOrder {index:0;}">
                    <Coords points="597,1318 597,1378 743,1378 743,1318"/>
                    <TextEquiv>
                        <Unicode>laniatum</Unicode>
                    </TextEquiv>
                </Word>
                <Word id="r_10_tl_21_w2" custom="readingOrder {index:1;}">
                    <Coords points="791,1318 791,1378 927,1378 927,1318"/>
                    <TextEquiv>
                        <Unicode>corpore</Unicode>
                    </TextEquiv>
                </Word>
                <Word id="r_10_tl_21_w3" custom="readingOrder {index:2;}">
                    <Coords points="961,1318 961,1378 1026,1378 1026,1318"/>
                    <TextEquiv>
                        <Unicode>toto</Unicode>
                    </TextEquiv>
                </Word>
                <TextEquiv>
                    <Unicode>laniatum corpore toto</Unicode>
                </TextEquiv>
            </TextLine>
            <TextLine id="r_10_tl_22" custom="readingOrder {index:21;}">
                <Coords points="1040,1428 1074,1427 1079,1421 1088,1428 1099,1423 1108,1428 1142,1424 1135,1345 1117,1349 1097,1339 1058,1363 1035,1363"/>
                <Baseline points="1044,1403 1089,1409 1134,1412 1143,1409"/>
                <Word id="r_10_tl_22_w1" custom="readingOrder {index:0;}">
                    <Coords points="1045,1369 1045,1429 1143,1429 1143,1369"/>
                    <TextEquiv>
                        <Unicode>Virg.</Unicode>
                    </TextEquiv>
                </Word>
                <TextEquiv>
                    <Unicode>Virg.</Unicode>
                </TextEquiv>
            </TextLine>
            <TextLine id="r_10_tl_23" custom="readingOrder {index:22;}">
                <Coords points="348,1427 439,1429 455,1416 473,1431 528,1418 563,1431 625,1419 708,1441 706,1370 573,1384 467,1363 411,1378 347,1373"/>
                <Baseline points="355,1406 400,1406 444,1406 489,1406 534,1406 579,1406 623,1406 668,1409 710,1406"/>
                <Word id="r_10_tl_23_w1" custom="readingOrder {index:0;}">
                    <Coords points="354,1366 354,1426 558,1426 558,1366"/>
                    <TextEquiv>
                        <Unicode>Deiphobum</Unicode>
                    </TextEquiv>
                </Word>
                <Word id="r_10_tl_23_w2" custom="readingOrder {index:1;}">
                    <Coords points="612,1367 612,1427 693,1427 693,1367"/>
                    <TextEquiv>
                        <Unicode>vidit</Unicode>
                    </TextEquiv>
                </Word>
                <TextEquiv>
                    <Unicode>Deiphobum vidit</Unicode>
                </TextEquiv>
            </TextLine>
            <TextLine id="r_10_tl_24" custom="readingOrder {index:23;}">
                <Coords points="1124,1454 1141,1464 1178,1461 1217,1472 1259,1461 1258,1405 1224,1415 1214,1425 1204,1419 1188,1421 1177,1433 1153,1421 1123,1427"/>
                <Baseline points="1131,1453 1176,1456 1221,1456 1262,1456"/>
                <Word id="r_10_tl_24_w1" custom="readingOrder {index:0;}">
                    <Coords points="1133,1416 1133,1476 1257,1476 1257,1416"/>
                    <TextEquiv>
                        <Unicode>welche</Unicode>
                    </TextEquiv>
                </Word>
                <TextEquiv>
                    <Unicode>welche</Unicode>
                </TextEquiv>
            </TextLine>
            <TextLine id="r_10_tl_25" custom="readingOrder {index:24;}">
                <Coords points="237,1470 1101,1472 1101,1440 1058,1427 727,1401 664,1437 237,1425"/>
                <Baseline points="244,1465 253,1462 298,1453 343,1456 388,1456 432,1456 477,1459 522,1456 567,1456 612,1456 656,1456 701,1456 746,1456 791,1456 835,1456 880,1456 925,1456 970,1456 1015,1456 1059,1459 1104,1462"/>
                <Word id="r_10_tl_25_w1" custom="readingOrder {index:0;}">
                    <Coords points="238,1420 238,1480 279,1480 279,1420"/>
                    <TextEquiv>
                        <Unicode>7)</Unicode>
                    </TextEquiv>
                </Word>
                <Word id="r_10_tl_25_w2" custom="readingOrder {index:1;}">
                    <Coords points="304,1416 304,1476 511,1476 511,1416"/>
                    <TextEquiv>
                        <Unicode>Auszüge</Unicode>
                    </TextEquiv>
                </Word>
                <Word id="r_10_tl_25_w3" custom="readingOrder {index:2;}">
                    <Coords points="553,1416 553,1476 641,1476 641,1416"/>
                    <TextEquiv>
                        <Unicode>aus</Unicode>
                    </TextEquiv>
                </Word>
                <Word id="r_10_tl_25_w4" custom="readingOrder {index:3;}">
                    <Coords points="689,1416 689,1476 1086,1476 1086,1416"/>
                    <TextEquiv>
                        <Unicode>Abhandlungen,</Unicode>
                    </TextEquiv>
                </Word>
                <TextEquiv>
                    <Unicode>7) Auszüge aus Abhandlungen,</Unicode>
                </TextEquiv>
            </TextLine>
            <TextLine id="r_10_tl_26" custom="readingOrder {index:25;}">
                <Coords points="242,1525 1259,1514 1259,1463 242,1473"/>
                <Baseline points="250,1504 295,1507 340,1507 385,1504 429,1504 474,1507 519,1504 564,1504 609,1507 653,1504 698,1504 743,1504 788,1507 832,1507 877,1507 922,1507 967,1507 1012,1507 1056,1507 1101,1507 1146,1507 1191,1504 1236,1504 1262,1504"/>
                <Word id="r_10_tl_26_w1" custom="readingOrder {index:0;}">
                    <Coords points="243,1467 243,1527 352,1527 352,1467"/>
                    <TextEquiv>
                        <Unicode>1763.</Unicode>
                    </TextEquiv>
                </Word>
                <Word id="r_10_tl_26_w2" custom="readingOrder {index:1;}">
                    <Coords points="381,1464 381,1524 408,1524 408,1464"/>
                    <TextEquiv>
                        <Unicode>in</Unicode>
                    </TextEquiv>
                </Word>
                <Word id="r_10_tl_26_w3" custom="readingOrder {index:2;}">
                    <Coords points="448,1466 448,1526 502,1526 502,1466"/>
                    <TextEquiv>
                        <Unicode>der</Unicode>
                    </TextEquiv>
                </Word>
                <Word id="r_10_tl_26_w4" custom="readingOrder {index:3;}">
                    <Coords points="536,1465 536,1525 735,1525 735,1465"/>
                    <TextEquiv>
                        <Unicode>Kayserl.</Unicode>
                    </TextEquiv>
                </Word>
                <Word id="r_10_tl_26_w5" custom="readingOrder {index:4;}">
                    <Coords points="758,1467 758,1527 996,1527 996,1467"/>
                    <TextEquiv>
                        <Unicode>Akademie</Unicode>
                    </TextEquiv>
                </Word>
                <Word id="r_10_tl_26_w6" custom="readingOrder {index:5;}">
                    <Coords points="1024,1467 1024,1527 1096,1527 1096,1467"/>
                    <TextEquiv>
                        <Unicode>der</Unicode>
                    </TextEquiv>
                </Word>
                <Word id="r_10_tl_26_w7" custom="readingOrder {index:6;}">
                    <Coords points="1135,1464 1135,1524 1256,1524 1256,1464"/>
                    <TextEquiv>
                        <Unicode>Wiss.</Unicode>
                    </TextEquiv>
                </Word>
                <TextEquiv>
                    <Unicode>1763. in der Kayserl. Akademie der Wiss.</Unicode>
                </TextEquiv>
            </TextLine>
            <TextLine id="r_10_tl_27" custom="readingOrder {index:26;}">
                <Coords points="235,1561 1255,1570 1255,1523 1192,1513 235,1531"/>
                <Baseline points="241,1555 286,1555 331,1555 376,1555 420,1555 465,1555 510,1555 555,1555 600,1555 644,1555 689,1555 734,1555 779,1555 824,1555 868,1555 913,1555 958,1558 1003,1558 1047,1558 1092,1558 1137,1555 1182,1555 1227,1555 1259,1555"/>
                <Word id="r_10_tl_27_w1" custom="readingOrder {index:0;}">
                    <Coords points="240,1515 240,1575 296,1575 296,1515"/>
                    <TextEquiv>
                        <Unicode>von</Unicode>
                    </TextEquiv>
                </Word>
                <Word id="r_10_tl_27_w2" custom="readingOrder {index:1;}">
                    <Coords points="328,1515 328,1575 544,1575 544,1515"/>
                    <TextEquiv>
                        <Unicode>Mitgliedern</Unicode>
                    </TextEquiv>
                </Word>
                <Word id="r_10_tl_27_w3" custom="readingOrder {index:2;}">
                    <Coords points="576,1515 576,1575 735,1575 735,1515"/>
                    <TextEquiv>
                        <Unicode>abgelesen</Unicode>
                    </TextEquiv>
                </Word>
                <Word id="r_10_tl_27_w4" custom="readingOrder {index:3;}">
                    <Coords points="773,1515 773,1575 927,1575 927,1515"/>
                    <TextEquiv>
                        <Unicode>worden,</Unicode>
                    </TextEquiv>
                </Word>
                <Word id="r_10_tl_27_w5" custom="readingOrder {index:4;}">
                    <Coords points="964,1518 964,1578 1036,1578 1036,1518"/>
                    <TextEquiv>
                        <Unicode>aber</Unicode>
                    </TextEquiv>
                </Word>
                <Word id="r_10_tl_27_w6" custom="readingOrder {index:5;}">
                    <Coords points="1067,1517 1067,1577 1134,1577 1134,1517"/>
                    <TextEquiv>
                        <Unicode>noch</Unicode>
                    </TextEquiv>
                </Word>
                <Word id="r_10_tl_27_w7" custom="readingOrder {index:6;}">
                    <Coords points="1171,1515 1171,1575 1253,1575 1253,1515"/>
                    <TextEquiv>
                        <Unicode>nicht</Unicode>
                    </TextEquiv>
                </Word>
                <TextEquiv>
                    <Unicode>von Mitgliedern abgelesen worden, aber noch nicht</Unicode>
                </TextEquiv>
            </TextLine>
            <TextLine id="r_10_tl_28" custom="readingOrder {index:27;}">
                <Coords points="235,1619 1255,1628 1255,1571 1197,1562 235,1574"/>
                <Baseline points="241,1609 274,1606 319,1606 364,1606 409,1606 453,1606 498,1606 543,1606 588,1603 632,1606 677,1606 722,1603 767,1603 812,1606 856,1606 901,1606 946,1603 991,1606 1035,1606 1080,1606 1125,1606 1170,1606 1215,1606 1259,1606"/>
                <Word id="r_10_tl_28_w1" custom="readingOrder {index:0;}">
                    <Coords points="230,1566 230,1626 376,1626 376,1566"/>
                    <TextEquiv>
                        <Unicode>gedruckt</Unicode>
                    </TextEquiv>
                </Word>
                <Word id="r_10_tl_28_w2" custom="readingOrder {index:1;}">
                    <Coords points="405,1566 405,1626 492,1626 492,1566"/>
                    <TextEquiv>
                        <Unicode>sind.</Unicode>
                    </TextEquiv>
                </Word>
                <Word id="r_10_tl_28_w3" custom="readingOrder {index:2;}">
                    <Coords points="541,1566 541,1626 732,1626 732,1566"/>
                    <TextEquiv>
                        <Unicode>Zeiher,</Unicode>
                    </TextEquiv>
                </Word>
                <Word id="r_10_tl_28_w4" custom="readingOrder {index:3;}">
                    <Coords points="761,1565 761,1625 837,1625 837,1565"/>
                    <TextEquiv>
                        <Unicode>von</Unicode>
                    </TextEquiv>
                </Word>
                <Word id="r_10_tl_28_w5" custom="readingOrder {index:4;}">
                    <Coords points="881,1565 881,1625 946,1625 946,1565"/>
                    <TextEquiv>
                        <Unicode>der</Unicode>
                    </TextEquiv>
                </Word>
                <Word id="r_10_tl_28_w6" custom="readingOrder {index:5;}">
                    <Coords points="985,1566 985,1626 1121,1626 1121,1566"/>
                    <TextEquiv>
                        <Unicode>besten</Unicode>
                    </TextEquiv>
                </Word>
                <Word id="r_10_tl_28_w7" custom="readingOrder {index:6;}">
                    <Coords points="1166,1566 1166,1626 1258,1626 1258,1566"/>
                    <TextEquiv>
                        <Unicode>Art,</Unicode>
                    </TextEquiv>
                </Word>
                <TextEquiv>
                    <Unicode>gedruckt sind. Zeiher, von der besten Art,</Unicode>
                </TextEquiv>
            </TextLine>
            <TextLine id="r_10_tl_29" custom="readingOrder {index:28;}">
                <Coords points="226,1652 430,1683 1253,1662 1253,1626 1175,1616 226,1620"/>
                <Baseline points="232,1650 277,1653 322,1650 367,1650 412,1653 456,1653 501,1653 546,1653 591,1653 635,1653 680,1653 725,1653 770,1653 815,1653 859,1650 904,1653 949,1653 994,1653 1038,1656 1083,1653 1128,1656 1173,1653 1218,1653 1256,1653"/>
                <Word id="r_10_tl_29_w1" custom="readingOrder {index:0;}">
                    <Coords points="231,1612 231,1672 294,1672 294,1612"/>
                    <TextEquiv>
                        <Unicode>die</Unicode>
                    </TextEquiv>
                </Word>
                <Word id="r_10_tl_29_w2" custom="readingOrder {index:1;}">
                    <Coords points="327,1613 327,1673 735,1673 735,1613"/>
                    <TextEquiv>
                        <Unicode>Geschwindigkeit</Unicode>
                    </TextEquiv>
                </Word>
                <Word id="r_10_tl_29_w3" custom="readingOrder {index:2;}">
                    <Coords points="773,1613 773,1673 841,1673 841,1613"/>
                    <TextEquiv>
                        <Unicode>des</Unicode>
                    </TextEquiv>
                </Word>
                <Word id="r_10_tl_29_w4" custom="readingOrder {index:3;}">
                    <Coords points="874,1613 874,1673 1054,1673 1054,1613"/>
                    <TextEquiv>
                        <Unicode>Windes</Unicode>
                    </TextEquiv>
                </Word>
                <Word id="r_10_tl_29_w5" custom="readingOrder {index:4;}">
                    <Coords points="1097,1613 1097,1673 1256,1673 1256,1613"/>
                    <TextEquiv>
                        <Unicode>auszu¬</Unicode>
                    </TextEquiv>
                </Word>
                <TextEquiv>
                    <Unicode>die Geschwindigkeit des Windes auszu¬</Unicode>
                </TextEquiv>
            </TextLine>
            <TextLine id="r_10_tl_30" custom="readingOrder {index:29;}">
                <Coords points="235,1709 1255,1710 1255,1673 1159,1664 235,1673"/>
                <Baseline points="241,1701 286,1701 331,1701 376,1701 420,1704 465,1701 510,1698 555,1701 600,1698 644,1701 689,1701 734,1701 779,1701 824,1701 868,1701 913,1704 958,1704 1003,1704 1047,1704 1092,1704 1137,1701 1182,1704 1227,1704 1259,1701"/>
                <Word id="r_10_tl_30_w1" custom="readingOrder {index:0;}">
                    <Coords points="235,1661 235,1721 405,1721 405,1661"/>
                    <TextEquiv>
                        <Unicode>messen.</Unicode>
                    </TextEquiv>
                </Word>
                <Word id="r_10_tl_30_w2" custom="readingOrder {index:1;}">
                    <Coords points="459,1659 459,1719 511,1719 511,1659"/>
                    <TextEquiv>
                        <Unicode>Er</Unicode>
                    </TextEquiv>
                </Word>
                <Word id="r_10_tl_30_w3" custom="readingOrder {index:2;}">
                    <Coords points="544,1658 544,1718 677,1718 677,1658"/>
                    <TextEquiv>
                        <Unicode>bedient</Unicode>
                    </TextEquiv>
                </Word>
                <Word id="r_10_tl_30_w4" custom="readingOrder {index:3;}">
                    <Coords points="710,1661 710,1721 757,1721 757,1661"/>
                    <TextEquiv>
                        <Unicode>sich</Unicode>
                    </TextEquiv>
                </Word>
                <Word id="r_10_tl_30_w5" custom="readingOrder {index:4;}">
                    <Coords points="795,1661 795,1721 848,1721 848,1661"/>
                    <TextEquiv>
                        <Unicode>des</Unicode>
                    </TextEquiv>
                </Word>
                <Word id="r_10_tl_30_w6" custom="readingOrder {index:5;}">
                    <Coords points="891,1664 891,1724 1242,1724 1242,1664"/>
                    <TextEquiv>
                        <Unicode>Bougverischen</Unicode>
                    </TextEquiv>
                </Word>
                <TextEquiv>
                    <Unicode>messen. Er bedient sich des Bougverischen</Unicode>
                </TextEquiv>
            </TextLine>
            <TextLine id="r_10_tl_31" custom="readingOrder {index:30;}">
                <Coords points="237,1763 1255,1764 1255,1730 1170,1713 237,1713"/>
                <Baseline points="244,1746 289,1746 334,1749 379,1749 423,1749 468,1749 513,1746 558,1749 603,1746 647,1749 692,1749 737,1749 782,1749 826,1749 871,1746 916,1749 961,1749 1006,1749 1050,1749 1095,1749 1140,1749 1185,1746 1230,1746 1259,1746"/>
                <Word id="r_10_tl_31_w1" custom="readingOrder {index:0;}">
                    <Coords points="237,1709 237,1769 500,1769 500,1709"/>
                    <TextEquiv>
                        <Unicode>Windmessers,</Unicode>
                    </TextEquiv>
                </Word>
                <Word id="r_10_tl_31_w2" custom="readingOrder {index:1;}">
                    <Coords points="532,1708 532,1768 589,1768 589,1708"/>
                    <TextEquiv>
                        <Unicode>der</Unicode>
                    </TextEquiv>
                </Word>
                <Word id="r_10_tl_31_w3" custom="readingOrder {index:2;}">
                    <Coords points="616,1709 616,1769 812,1769 812,1709"/>
                    <TextEquiv>
                        <Unicode>beschrieben</Unicode>
                    </TextEquiv>
                </Word>
                <Word id="r_10_tl_31_w4" custom="readingOrder {index:3;}">
                    <Coords points="849,1707 849,1767 947,1767 947,1707"/>
                    <TextEquiv>
                        <Unicode>wird.</Unicode>
                    </TextEquiv>
                </Word>
                <Word id="r_10_tl_31_w5" custom="readingOrder {index:4;}">
                    <Coords points="1000,1709 1000,1769 1129,1769 1129,1709"/>
                    <TextEquiv>
                        <Unicode>Aepini</Unicode>
                    </TextEquiv>
                </Word>
                <Word id="r_10_tl_31_w6" custom="readingOrder {index:5;}">
                    <Coords points="1160,1706 1160,1766 1253,1766 1253,1706"/>
                    <TextEquiv>
                        <Unicode>Exa¬</Unicode>
                    </TextEquiv>
                </Word>
                <TextEquiv>
                    <Unicode>Windmessers, der beschrieben wird. Aepini Exa¬</Unicode>
                </TextEquiv>
            </TextLine>
            <TextLine id="r_10_tl_32" custom="readingOrder {index:31;}">
                <Coords points="226,1809 1250,1794 1250,1759 1175,1754 226,1762"/>
                <Baseline points="232,1791 268,1794 313,1794 358,1794 403,1794 447,1794 492,1791 537,1791 582,1791 626,1791 671,1791 716,1788 761,1788 806,1791 850,1791 895,1791 940,1788 985,1788 1030,1788 1074,1788 1119,1788 1164,1788 1209,1788 1253,1788"/>
                <Word id="r_10_tl_32_w1" custom="readingOrder {index:0;}">
                    <Coords points="232,1753 232,1813 296,1813 296,1753"/>
                    <TextEquiv>
                        <Unicode>men</Unicode>
                    </TextEquiv>
                </Word>
                <Word id="r_10_tl_32_w2" custom="readingOrder {index:1;}">
                    <Coords points="328,1754 328,1814 485,1814 485,1754"/>
                    <TextEquiv>
                        <Unicode>Theoriae</Unicode>
                    </TextEquiv>
                </Word>
                <Word id="r_10_tl_32_w3" custom="readingOrder {index:2;}">
                    <Coords points="506,1751 506,1811 703,1811 703,1751"/>
                    <TextEquiv>
                        <Unicode>magneticae</Unicode>
                    </TextEquiv>
                </Word>
                <Word id="r_10_tl_32_w4" custom="readingOrder {index:3;}">
                    <Coords points="731,1748 731,1808 743,1808 743,1748"/>
                    <TextEquiv>
                        <Unicode>a</Unicode>
                    </TextEquiv>
                </Word>
                <Word id="r_10_tl_32_w5" custom="readingOrder {index:4;}">
                    <Coords points="772,1751 772,1811 872,1811 872,1751"/>
                    <TextEquiv>
                        <Unicode>celeb.</Unicode>
                    </TextEquiv>
                </Word>
                <Word id="r_10_tl_32_w6" custom="readingOrder {index:5;}">
                    <Coords points="889,1748 889,1808 1033,1808 1033,1748"/>
                    <TextEquiv>
                        <Unicode>Mayero</Unicode>
                    </TextEquiv>
                </Word>
                <Word id="r_10_tl_32_w7" custom="readingOrder {index:6;}">
                    <Coords points="1054,1748 1054,1808 1251,1808 1251,1748"/>
                    <TextEquiv>
                        <Unicode>propositae.</Unicode>
                    </TextEquiv>
                </Word>
                <TextEquiv>
                    <Unicode>men Theoriae magneticae a celeb. Mayero propositae.</Unicode>
                </TextEquiv>
            </TextLine>
            <TextLine id="r_10_tl_33" custom="readingOrder {index:32;}">
                <Coords points="240,1853 1257,1851 1244,1795 240,1802"/>
                <Baseline points="247,1836 274,1836 319,1836 364,1839 409,1839 453,1836 498,1836 543,1833 588,1833 632,1833 677,1833 722,1833 767,1833 812,1833 856,1833 901,1830 946,1833 991,1833 1035,1833 1080,1833 1125,1830 1170,1830 1215,1830 1259,1830"/>
                <Word id="r_10_tl_33_w1" custom="readingOrder {index:0;}">
                    <Coords points="239,1796 239,1856 312,1856 312,1796"/>
                    <TextEquiv>
                        <Unicode>Der</Unicode>
                    </TextEquiv>
                </Word>
                <Word id="r_10_tl_33_w2" custom="readingOrder {index:1;}">
                    <Coords points="347,1796 347,1856 563,1856 563,1796"/>
                    <TextEquiv>
                        <Unicode>magnetische</Unicode>
                    </TextEquiv>
                </Word>
                <Word id="r_10_tl_33_w3" custom="readingOrder {index:2;}">
                    <Coords points="593,1793 593,1853 823,1853 823,1793"/>
                    <TextEquiv>
                        <Unicode>Mittelpunkt</Unicode>
                    </TextEquiv>
                </Word>
                <Word id="r_10_tl_33_w4" custom="readingOrder {index:3;}">
                    <Coords points="853,1791 853,1851 892,1851 892,1791"/>
                    <TextEquiv>
                        <Unicode>ist</Unicode>
                    </TextEquiv>
                </Word>
                <Word id="r_10_tl_33_w5" custom="readingOrder {index:4;}">
                    <Coords points="922,1793 922,1853 1005,1853 1005,1793"/>
                    <TextEquiv>
                        <Unicode>nicht</Unicode>
                    </TextEquiv>
                </Word>
                <Word id="r_10_tl_33_w6" custom="readingOrder {index:5;}">
                    <Coords points="1030,1793 1030,1853 1104,1853 1104,1793"/>
                    <TextEquiv>
                        <Unicode>stets</Unicode>
                    </TextEquiv>
                </Word>
                <Word id="r_10_tl_33_w7" custom="readingOrder {index:6;}">
                    <Coords points="1134,1790 1134,1850 1162,1850 1162,1790"/>
                    <TextEquiv>
                        <Unicode>in</Unicode>
                    </TextEquiv>
                </Word>
                <Word id="r_10_tl_33_w8" custom="readingOrder {index:7;}">
                    <Coords points="1197,1790 1197,1850 1251,1850 1251,1790"/>
                    <TextEquiv>
                        <Unicode>der</Unicode>
                    </TextEquiv>
                </Word>
                <TextEquiv>
                    <Unicode>Der magnetische Mittelpunkt ist nicht stets in der</Unicode>
                </TextEquiv>
            </TextLine>
            <TextLine id="r_10_tl_34" custom="readingOrder {index:33;}">
                <Coords points="235,1896 1253,1897 1245,1848 235,1852"/>
                <Baseline points="241,1880 283,1886 328,1886 373,1886 417,1889 462,1886 507,1886 552,1886 597,1886 641,1886 686,1883 731,1886 776,1886 821,1886 865,1883 910,1886 955,1886 1000,1883 1044,1883 1089,1883 1134,1883 1179,1883 1224,1883 1256,1886"/>
                <Word id="r_10_tl_34_w1" custom="readingOrder {index:0;}">
                    <Coords points="241,1846 241,1906 346,1906 346,1846"/>
                    <TextEquiv>
                        <Unicode>Mitte</Unicode>
                    </TextEquiv>
                </Word>
                <Word id="r_10_tl_34_w2" custom="readingOrder {index:1;}">
                    <Coords points="363,1847 363,1907 418,1907 418,1847"/>
                    <TextEquiv>
                        <Unicode>des</Unicode>
                    </TextEquiv>
                </Word>
                <Word id="r_10_tl_34_w3" custom="readingOrder {index:2;}">
                    <Coords points="441,1846 441,1906 651,1906 651,1846"/>
                    <TextEquiv>
                        <Unicode>Magneten.</Unicode>
                    </TextEquiv>
                </Word>
                <Word id="r_10_tl_34_w4" custom="readingOrder {index:3;}">
                    <Coords points="696,1846 696,1906 773,1906 773,1846"/>
                    <TextEquiv>
                        <Unicode>Von</Unicode>
                    </TextEquiv>
                </Word>
                <Word id="r_10_tl_34_w5" custom="readingOrder {index:4;}">
                    <Coords points="807,1845 807,1905 856,1905 856,1845"/>
                    <TextEquiv>
                        <Unicode>der</Unicode>
                    </TextEquiv>
                </Word>
                <Word id="r_10_tl_34_w6" custom="readingOrder {index:5;}">
                    <Coords points="879,1846 879,1906 1006,1906 1006,1846"/>
                    <TextEquiv>
                        <Unicode>Stärke</Unicode>
                    </TextEquiv>
                </Word>
                <Word id="r_10_tl_34_w7" custom="readingOrder {index:6;}">
                    <Coords points="1035,1843 1035,1903 1089,1903 1089,1843"/>
                    <TextEquiv>
                        <Unicode>der</Unicode>
                    </TextEquiv>
                </Word>
                <Word id="r_10_tl_34_w8" custom="readingOrder {index:7;}">
                    <Coords points="1118,1843 1118,1903 1256,1903 1256,1843"/>
                    <TextEquiv>
                        <Unicode>magne¬</Unicode>
                    </TextEquiv>
                </Word>
                <TextEquiv>
                    <Unicode>Mitte des Magneten. Von der Stärke der magne¬</Unicode>
                </TextEquiv>
            </TextLine>
            <TextLine id="r_10_tl_35" custom="readingOrder {index:34;}">
                <Coords points="226,1959 1255,1959 1255,1900 226,1909"/>
                <Baseline points="232,1940 277,1940 322,1943 367,1940 412,1940 456,1940 501,1940 546,1940 591,1940 635,1940 680,1940 725,1937 770,1940 815,1940 859,1937 904,1937 949,1937 994,1940 1038,1937 1083,1937 1128,1937 1173,1937 1218,1937 1259,1940"/>
                <Word id="r_10_tl_35_w1" custom="readingOrder {index:0;}">
                    <Coords points="232,1900 232,1960 339,1960 339,1900"/>
                    <TextEquiv>
                        <Unicode>tischen</Unicode>
                    </TextEquiv>
                </Word>
                <Word id="r_10_tl_35_w2" custom="readingOrder {index:1;}">
                    <Coords points="374,1900 374,1960 481,1960 481,1900"/>
                    <TextEquiv>
                        <Unicode>Kraft</Unicode>
                    </TextEquiv>
                </Word>
                <Word id="r_10_tl_35_w3" custom="readingOrder {index:2;}">
                    <Coords points="504,1900 504,1960 532,1960 532,1900"/>
                    <TextEquiv>
                        <Unicode>in</Unicode>
                    </TextEquiv>
                </Word>
                <Word id="r_10_tl_35_w4" custom="readingOrder {index:3;}">
                    <Coords points="567,1900 567,1960 651,1960 651,1900"/>
                    <TextEquiv>
                        <Unicode>jeden</Unicode>
                    </TextEquiv>
                </Word>
                <Word id="r_10_tl_35_w5" custom="readingOrder {index:4;}">
                    <Coords points="686,1899 686,1959 827,1959 827,1899"/>
                    <TextEquiv>
                        <Unicode>Punkt,</Unicode>
                    </TextEquiv>
                </Word>
                <Word id="r_10_tl_35_w6" custom="readingOrder {index:5;}">
                    <Coords points="856,1897 856,1957 912,1957 912,1897"/>
                    <TextEquiv>
                        <Unicode>von</Unicode>
                    </TextEquiv>
                </Word>
                <Word id="r_10_tl_35_w7" custom="readingOrder {index:6;}">
                    <Coords points="958,1899 958,1959 1008,1959 1008,1899"/>
                    <TextEquiv>
                        <Unicode>der</Unicode>
                    </TextEquiv>
                </Word>
                <Word id="r_10_tl_35_w8" custom="readingOrder {index:7;}">
                    <Coords points="1037,1897 1037,1957 1127,1957 1127,1897"/>
                    <TextEquiv>
                        <Unicode>Linie</Unicode>
                    </TextEquiv>
                </Word>
                <Word id="r_10_tl_35_w9" custom="readingOrder {index:8;}">
                    <Coords points="1156,1897 1156,1957 1252,1957 1252,1897"/>
                    <TextEquiv>
                        <Unicode>dazu,</Unicode>
                    </TextEquiv>
                </Word>
                <TextEquiv>
                    <Unicode>tischen Kraft in jeden Punkt, von der Linie dazu,</Unicode>
                </TextEquiv>
            </TextLine>
            <TextLine id="r_10_tl_36" custom="readingOrder {index:35;}">
                <Coords points="228,1992 1253,2001 1253,1960 1142,1942 228,1958"/>
                <Baseline points="235,1991 271,1994 316,1991 361,1994 406,1994 450,1991 495,1988 540,1994 585,1991 629,1991 674,1988 719,1991 764,1991 809,1988 853,1991 898,1988 943,1988 988,1988 1032,1988 1077,1988 1122,1988 1167,1988 1212,1988 1256,1988"/>
                <Word id="r_10_tl_36_w1" custom="readingOrder {index:0;}">
                    <Coords points="233,1953 233,2013 312,2013 312,1953"/>
                    <TextEquiv>
                        <Unicode>wird</Unicode>
                    </TextEquiv>
                </Word>
                <Word id="r_10_tl_36_w2" custom="readingOrder {index:1;}">
                    <Coords points="340,1953 340,2013 487,2013 487,1953"/>
                    <TextEquiv>
                        <Unicode>manches</Unicode>
                    </TextEquiv>
                </Word>
                <Word id="r_10_tl_36_w3" custom="readingOrder {index:2;}">
                    <Coords points="515,1951 515,2011 689,2011 689,1951"/>
                    <TextEquiv>
                        <Unicode>erhebliche</Unicode>
                    </TextEquiv>
                </Word>
                <Word id="r_10_tl_36_w4" custom="readingOrder {index:3;}">
                    <Coords points="711,1948 711,2008 917,2008 917,1948"/>
                    <TextEquiv>
                        <Unicode>angemerkt,</Unicode>
                    </TextEquiv>
                </Word>
                <Word id="r_10_tl_36_w5" custom="readingOrder {index:4;}">
                    <Coords points="934,1948 934,2008 1002,2008 1002,1948"/>
                    <TextEquiv>
                        <Unicode>auch</Unicode>
                    </TextEquiv>
                </Word>
                <Word id="r_10_tl_36_w6" custom="readingOrder {index:5;}">
                    <Coords points="1034,1948 1034,2008 1081,2008 1081,1948"/>
                    <TextEquiv>
                        <Unicode>die</Unicode>
                    </TextEquiv>
                </Word>
                <Word id="r_10_tl_36_w7" custom="readingOrder {index:6;}">
                    <Coords points="1109,1948 1109,2008 1251,2008 1251,1948"/>
                    <TextEquiv>
                        <Unicode>Mayer¬</Unicode>
                    </TextEquiv>
                </Word>
                <TextEquiv>
                    <Unicode>wird manches erhebliche angemerkt, auch die Mayer¬</Unicode>
                </TextEquiv>
            </TextLine>
            <TextLine id="r_10_tl_37" custom="readingOrder {index:36;}">
                <Coords points="231,2063 1254,2045 1254,1996 231,2007"/>
                <Baseline points="238,2045 271,2042 316,2042 361,2042 406,2042 450,2042 495,2042 540,2042 585,2039 629,2039 674,2039 719,2042 764,2042 809,2042 853,2039 898,2042 943,2039 988,2039 1032,2036 1077,2039 1122,2036 1167,2039 1212,2039 1256,2036"/>
                <Word id="r_10_tl_37_w1" custom="readingOrder {index:0;}">
                    <Coords points="231,2002 231,2062 295,2062 295,2002"/>
                    <TextEquiv>
                        <Unicode>sche</Unicode>
                    </TextEquiv>
                </Word>
                <Word id="r_10_tl_37_w2" custom="readingOrder {index:1;}">
                    <Coords points="334,2002 334,2062 484,2062 484,2002"/>
                    <TextEquiv>
                        <Unicode>Theorie</Unicode>
                    </TextEquiv>
                </Word>
                <Word id="r_10_tl_37_w3" custom="readingOrder {index:2;}">
                    <Coords points="528,2001 528,2061 581,2061 581,2001"/>
                    <TextEquiv>
                        <Unicode>der</Unicode>
                    </TextEquiv>
                </Word>
                <Word id="r_10_tl_37_w4" custom="readingOrder {index:3;}">
                    <Coords points="620,2001 620,2061 814,2061 814,2001"/>
                    <TextEquiv>
                        <Unicode>Erfahrung</Unicode>
                    </TextEquiv>
                </Word>
                <Word id="r_10_tl_37_w5" custom="readingOrder {index:4;}">
                    <Coords points="858,1999 858,2059 1014,2059 1014,1999"/>
                    <TextEquiv>
                        <Unicode>entgegen</Unicode>
                    </TextEquiv>
                </Word>
                <Word id="r_10_tl_37_w6" custom="readingOrder {index:5;}">
                    <Coords points="1063,1998 1063,2058 1246,2058 1246,1998"/>
                    <TextEquiv>
                        <Unicode>befunden.</Unicode>
                    </TextEquiv>
                </Word>
                <TextEquiv>
                    <Unicode>sche Theorie der Erfahrung entgegen befunden.</Unicode>
                </TextEquiv>
            </TextLine>
            <TextLine id="r_10_tl_38" custom="readingOrder {index:37;}">
                <Coords points="226,2107 1201,2105 1251,2098 1253,2058 227,2061"/>
                <Baseline points="232,2095 271,2095 316,2092 361,2092 406,2092 450,2092 495,2092 540,2092 585,2089 629,2089 674,2089 719,2089 764,2089 809,2089 853,2089 898,2086 943,2086 988,2089 1032,2089 1077,2089 1122,2089 1167,2086 1212,2086 1256,2086"/>
                <Word id="r_10_tl_38_w1" custom="readingOrder {index:0;}">
                    <Coords points="232,2055 232,2115 280,2115 280,2055"/>
                    <TextEquiv>
                        <Unicode>8)</Unicode>
                    </TextEquiv>
                </Word>
                <Word id="r_10_tl_38_w2" custom="readingOrder {index:1;}">
                    <Coords points="302,2052 302,2112 583,2112 583,2052"/>
                    <TextEquiv>
                        <Unicode>Nachrichten</Unicode>
                    </TextEquiv>
                </Word>
                <Word id="r_10_tl_38_w3" custom="readingOrder {index:2;}">
                    <Coords points="622,2049 622,2109 697,2109 697,2049"/>
                    <TextEquiv>
                        <Unicode>von</Unicode>
                    </TextEquiv>
                </Word>
                <Word id="r_10_tl_38_w4" custom="readingOrder {index:3;}">
                    <Coords points="741,2049 741,2109 871,2109 871,2049"/>
                    <TextEquiv>
                        <Unicode>neuen</Unicode>
                    </TextEquiv>
                </Word>
                <Word id="r_10_tl_38_w5" custom="readingOrder {index:4;}">
                    <Coords points="926,2049 926,2109 1121,2109 1121,2049"/>
                    <TextEquiv>
                        <Unicode>Büchern</Unicode>
                    </TextEquiv>
                </Word>
                <Word id="r_10_tl_38_w6" custom="readingOrder {index:5;}">
                    <Coords points="1164,2046 1164,2106 1245,2106 1245,2046"/>
                    <TextEquiv>
                        <Unicode>und</Unicode>
                    </TextEquiv>
                </Word>
                <TextEquiv>
                    <Unicode>8) Nachrichten von neuen Büchern und</Unicode>
                </TextEquiv>
            </TextLine>
            <TextLine id="r_10_tl_39" custom="readingOrder {index:38;}">
                <Coords points="231,2161 1248,2151 1248,2101 1139,2088 1079,2116 231,2110"/>
                <Baseline points="238,2140 265,2140 310,2143 355,2143 400,2140 444,2143 489,2143 534,2140 579,2140 623,2140 668,2137 713,2137 758,2137 803,2140 847,2140 892,2137 937,2137 982,2137 1027,2137 1071,2137 1116,2134 1161,2137 1206,2134 1250,2131"/>
                <Word id="r_10_tl_39_w1" custom="readingOrder {index:0;}">
                    <Coords points="237,2102 237,2162 492,2162 492,2102"/>
                    <TextEquiv>
                        <Unicode>Schriften,</Unicode>
                    </TextEquiv>
                </Word>
                <Word id="r_10_tl_39_w2" custom="readingOrder {index:1;}">
                    <Coords points="515,2099 515,2159 747,2159 747,2099"/>
                    <TextEquiv>
                        <Unicode>hauptsächlich</Unicode>
                    </TextEquiv>
                </Word>
                <Word id="r_10_tl_39_w3" custom="readingOrder {index:2;}">
                    <Coords points="776,2100 776,2160 832,2160 832,2100"/>
                    <TextEquiv>
                        <Unicode>aus</Unicode>
                    </TextEquiv>
                </Word>
                <Word id="r_10_tl_39_w4" custom="readingOrder {index:3;}">
                    <Coords points="855,2097 855,2157 1087,2157 1087,2097"/>
                    <TextEquiv>
                        <Unicode>Petersburg.</Unicode>
                    </TextEquiv>
                </Word>
                <Word id="r_10_tl_39_w5" custom="readingOrder {index:4;}">
                    <Coords points="1121,2095 1121,2155 1250,2155 1250,2095"/>
                    <TextEquiv>
                        <Unicode>Aepi¬</Unicode>
                    </TextEquiv>
                </Word>
                <TextEquiv>
                    <Unicode>Schriften, hauptsächlich aus Petersburg. Aepi¬</Unicode>
                </TextEquiv>
            </TextLine>
            <TextLine id="r_10_tl_40" custom="readingOrder {index:39;}">
                <Coords points="228,2204 1245,2209 1245,2155 1192,2146 228,2164"/>
                <Baseline points="235,2188 262,2191 307,2191 352,2191 397,2191 441,2191 486,2188 531,2188 576,2188 620,2188 665,2188 710,2188 755,2188 800,2188 844,2188 889,2191 934,2188 979,2188 1024,2188 1068,2185 1113,2185 1158,2185 1203,2185 1247,2182"/>
                <Word id="r_10_tl_40_w1" custom="readingOrder {index:0;}">
                    <Coords points="228,2151 228,2211 305,2211 305,2151"/>
                    <TextEquiv>
                        <Unicode>nus</Unicode>
                    </TextEquiv>
                </Word>
                <Word id="r_10_tl_40_w2" custom="readingOrder {index:1;}">
                    <Coords points="342,2151 342,2211 398,2211 398,2151"/>
                    <TextEquiv>
                        <Unicode>von</Unicode>
                    </TextEquiv>
                </Word>
                <Word id="r_10_tl_40_w3" custom="readingOrder {index:2;}">
                    <Coords points="430,2150 430,2210 476,2210 476,2150"/>
                    <TextEquiv>
                        <Unicode>den</Unicode>
                    </TextEquiv>
                </Word>
                <Word id="r_10_tl_40_w4" custom="readingOrder {index:3;}">
                    <Coords points="508,2148 508,2208 849,2208 849,2148"/>
                    <TextEquiv>
                        <Unicode>Lufterscheinungen.</Unicode>
                    </TextEquiv>
                </Word>
                <Word id="r_10_tl_40_w5" custom="readingOrder {index:4;}">
                    <Coords points="896,2148 896,2208 1057,2208 1057,2148"/>
                    <TextEquiv>
                        <Unicode>Zeiher</Unicode>
                    </TextEquiv>
                </Word>
                <Word id="r_10_tl_40_w6" custom="readingOrder {index:5;}">
                    <Coords points="1088,2145 1088,2205 1145,2205 1145,2145"/>
                    <TextEquiv>
                        <Unicode>von</Unicode>
                    </TextEquiv>
                </Word>
                <Word id="r_10_tl_40_w7" custom="readingOrder {index:6;}">
                    <Coords points="1187,2144 1187,2204 1238,2204 1238,2144"/>
                    <TextEquiv>
                        <Unicode>den</Unicode>
                    </TextEquiv>
                </Word>
                <TextEquiv>
                    <Unicode>nus von den Lufterscheinungen. Zeiher von den</Unicode>
                </TextEquiv>
            </TextLine>
            <TextLine id="r_10_tl_41" custom="readingOrder {index:40;}">
                <Coords points="233,2254 1245,2264 1246,2204 1184,2192 235,2204"/>
                <Baseline points="241,2242 265,2242 310,2242 355,2242 400,2242 444,2239 489,2239 534,2239 579,2239 623,2239 668,2239 713,2239 758,2239 803,2239 847,2239 892,2236 937,2236 982,2236 1027,2239 1071,2236 1116,2236 1161,2233 1206,2233 1250,2233"/>
                <Word id="r_10_tl_41_w1" custom="readingOrder {index:0;}">
                    <Coords points="239,2202 239,2262 449,2262 449,2202"/>
                    <TextEquiv>
                        <Unicode>Glasarten,</Unicode>
                    </TextEquiv>
                </Word>
                <Word id="r_10_tl_41_w2" custom="readingOrder {index:1;}">
                    <Coords points="476,2199 476,2259 584,2259 584,2199"/>
                    <TextEquiv>
                        <Unicode>welche</Unicode>
                    </TextEquiv>
                </Word>
                <Word id="r_10_tl_41_w3" custom="readingOrder {index:2;}">
                    <Coords points="617,2199 617,2259 687,2259 687,2199"/>
                    <TextEquiv>
                        <Unicode>eine</Unicode>
                    </TextEquiv>
                </Word>
                <Word id="r_10_tl_41_w4" custom="readingOrder {index:3;}">
                    <Coords points="720,2199 720,2259 919,2259 919,2199"/>
                    <TextEquiv>
                        <Unicode>verschiedne</Unicode>
                    </TextEquiv>
                </Word>
                <Word id="r_10_tl_41_w5" custom="readingOrder {index:4;}">
                    <Coords points="947,2197 947,2257 1071,2257 1071,2197"/>
                    <TextEquiv>
                        <Unicode>Kraft,</Unicode>
                    </TextEquiv>
                </Word>
                <Word id="r_10_tl_41_w6" custom="readingOrder {index:5;}">
                    <Coords points="1098,2195 1098,2255 1146,2255 1146,2195"/>
                    <TextEquiv>
                        <Unicode>die</Unicode>
                    </TextEquiv>
                </Word>
                <Word id="r_10_tl_41_w7" custom="readingOrder {index:6;}">
                    <Coords points="1168,2193 1168,2253 1249,2253 1249,2193"/>
                    <TextEquiv>
                        <Unicode>Far¬</Unicode>
                    </TextEquiv>
                </Word>
                <TextEquiv>
                    <Unicode>Glasarten, welche eine verschiedne Kraft, die Far¬</Unicode>
                </TextEquiv>
            </TextLine>
            <TextLine id="r_10_tl_42" custom="readingOrder {index:41;}">
                <Coords points="231,2298 1248,2303 1208,2244 231,2257"/>
                <Baseline points="238,2289 265,2289 310,2289 355,2289 400,2289 444,2286 489,2286 534,2286 579,2286 623,2286 668,2286 713,2283 758,2286 803,2283 847,2286 892,2286 937,2283 982,2283 1027,2283 1071,2283 1116,2283 1161,2283 1206,2280 1250,2286"/>
                <Word id="r_10_tl_42_w1" custom="readingOrder {index:0;}">
                    <Coords points="236,2249 236,2309 287,2309 287,2249"/>
                    <TextEquiv>
                        <Unicode>hen</Unicode>
                    </TextEquiv>
                </Word>
                <Word id="r_10_tl_42_w2" custom="readingOrder {index:1;}">
                    <Coords points="329,2249 329,2309 359,2309 359,2249"/>
                    <TextEquiv>
                        <Unicode>zu</Unicode>
                    </TextEquiv>
                </Word>
                <Word id="r_10_tl_42_w3" custom="readingOrder {index:2;}">
                    <Coords points="396,2246 396,2306 601,2306 601,2246"/>
                    <TextEquiv>
                        <Unicode>zerstreuen,</Unicode>
                    </TextEquiv>
                </Word>
                <Word id="r_10_tl_42_w4" custom="readingOrder {index:3;}">
                    <Coords points="628,2243 628,2303 777,2303 777,2243"/>
                    <TextEquiv>
                        <Unicode>besitzen.</Unicode>
                    </TextEquiv>
                </Word>
                <Word id="r_10_tl_42_w5" custom="readingOrder {index:4;}">
                    <Coords points="829,2245 829,2305 983,2305 983,2245"/>
                    <TextEquiv>
                        <Unicode>Discours</Unicode>
                    </TextEquiv>
                </Word>
                <Word id="r_10_tl_42_w6" custom="readingOrder {index:5;}">
                    <Coords points="1015,2243 1015,2303 1024,2303 1024,2243"/>
                    <TextEquiv>
                        <Unicode>-</Unicode>
                    </TextEquiv>
                </Word>
                <Word id="r_10_tl_42_w7" custom="readingOrder {index:6;}">
                    <Coords points="1051,2243 1051,2303 1065,2303 1065,2243"/>
                    <TextEquiv>
                        <Unicode>-</Unicode>
                    </TextEquiv>
                </Word>
                <Word id="r_10_tl_42_w8" custom="readingOrder {index:7;}">
                    <Coords points="1092,2243 1092,2303 1153,2303 1153,2243"/>
                    <TextEquiv>
                        <Unicode>par</Unicode>
                    </TextEquiv>
                </Word>
                <Word id="r_10_tl_42_w9" custom="readingOrder {index:8;}">
                    <Coords points="1180,2240 1180,2300 1246,2300 1246,2240"/>
                    <TextEquiv>
                        <Unicode>Mr.</Unicode>
                    </TextEquiv>
                </Word>
                <TextEquiv>
                    <Unicode>hen zu zerstreuen, besitzen. Discours - - par Mr.</Unicode>
                </TextEquiv>
            </TextLine>
            <TextLine id="r_10_tl_43" custom="readingOrder {index:42;}">
                <Coords points="231,2343 1241,2355 1241,2307 1190,2293 231,2298"/>
                <Baseline points="238,2334 259,2337 304,2337 349,2337 394,2334 438,2334 483,2331 528,2331 573,2331 618,2334 662,2334 707,2331 752,2334 797,2331 841,2331 886,2334 931,2334 976,2331 1021,2331 1065,2331 1110,2331 1155,2331 1200,2328 1244,2328"/>
                <Word id="r_10_tl_43_w1" custom="readingOrder {index:0;}">
                    <Coords points="236,2296 236,2356 270,2356 270,2296"/>
                    <TextEquiv>
                        <Unicode>de</Unicode>
                    </TextEquiv>
                </Word>
                <Word id="r_10_tl_43_w2" custom="readingOrder {index:1;}">
                    <Coords points="296,2297 296,2357 401,2357 401,2297"/>
                    <TextEquiv>
                        <Unicode>Lery,</Unicode>
                    </TextEquiv>
                </Word>
                <Word id="r_10_tl_43_w3" custom="readingOrder {index:2;}">
                    <Coords points="422,2291 422,2351 578,2351 578,2291"/>
                    <TextEquiv>
                        <Unicode>Membre</Unicode>
                    </TextEquiv>
                </Word>
                <Word id="r_10_tl_43_w4" custom="readingOrder {index:3;}">
                    <Coords points="599,2293 599,2353 633,2353 633,2293"/>
                    <TextEquiv>
                        <Unicode>de</Unicode>
                    </TextEquiv>
                </Word>
                <Word id="r_10_tl_43_w5" custom="readingOrder {index:4;}">
                    <Coords points="665,2292 665,2352 876,2352 876,2292"/>
                    <TextEquiv>
                        <Unicode>l'Université</Unicode>
                    </TextEquiv>
                </Word>
                <Word id="r_10_tl_43_w6" custom="readingOrder {index:5;}">
                    <Coords points="907,2294 907,2354 941,2354 941,2294"/>
                    <TextEquiv>
                        <Unicode>de</Unicode>
                    </TextEquiv>
                </Word>
                <Word id="r_10_tl_43_w7" custom="readingOrder {index:6;}">
                    <Coords points="973,2291 973,2351 1129,2351 1129,2291"/>
                    <TextEquiv>
                        <Unicode>Moscou.</Unicode>
                    </TextEquiv>
                </Word>
                <Word id="r_10_tl_43_w8" custom="readingOrder {index:7;}">
                    <Coords points="1174,2288 1174,2348 1244,2348 1244,2288"/>
                    <TextEquiv>
                        <Unicode>Re-</Unicode>
                    </TextEquiv>
                </Word>
                <TextEquiv>
                    <Unicode>de Lery, Membre de l'Université de Moscou. Re-</Unicode>
                </TextEquiv>
            </TextLine>
            <TextLine id="r_10_tl_44" custom="readingOrder {index:43;}">
                <Coords points="226,2389 1246,2389 1246,2356 1141,2339 226,2365"/>
                <Baseline points="232,2382 265,2385 310,2382 355,2382 400,2379 444,2382 489,2379 534,2379 579,2379 623,2382 668,2382 713,2382 758,2379 803,2379 847,2379 892,2382 937,2382 982,2382 1027,2382 1071,2382 1116,2382 1161,2382 1206,2379 1250,2379"/>
                <Word id="r_10_tl_44_w1" custom="readingOrder {index:0;}">
                    <Coords points="225,2344 225,2404 309,2404 309,2344"/>
                    <TextEquiv>
                        <Unicode>cueil</Unicode>
                    </TextEquiv>
                </Word>
                <Word id="r_10_tl_44_w2" custom="readingOrder {index:1;}">
                    <Coords points="335,2342 335,2402 369,2402 369,2342"/>
                    <TextEquiv>
                        <Unicode>de</Unicode>
                    </TextEquiv>
                </Word>
                <Word id="r_10_tl_44_w3" custom="readingOrder {index:2;}">
                    <Coords points="399,2339 399,2399 568,2399 568,2339"/>
                    <TextEquiv>
                        <Unicode>differents</Unicode>
                    </TextEquiv>
                </Word>
                <Word id="r_10_tl_44_w4" custom="readingOrder {index:3;}">
                    <Coords points="588,2342 588,2402 772,2402 772,2342"/>
                    <TextEquiv>
                        <Unicode>memoires</Unicode>
                    </TextEquiv>
                </Word>
                <Word id="r_10_tl_44_w5" custom="readingOrder {index:4;}">
                    <Coords points="798,2339 798,2399 847,2399 847,2339"/>
                    <TextEquiv>
                        <Unicode>sur</Unicode>
                    </TextEquiv>
                </Word>
                <Word id="r_10_tl_44_w6" custom="readingOrder {index:5;}">
                    <Coords points="877,2341 877,2401 906,2401 906,2341"/>
                    <TextEquiv>
                        <Unicode>la</Unicode>
                    </TextEquiv>
                </Word>
                <Word id="r_10_tl_44_w7" custom="readingOrder {index:6;}">
                    <Coords points="932,2342 932,2402 1150,2402 1150,2342"/>
                    <TextEquiv>
                        <Unicode>Tourmaline</Unicode>
                    </TextEquiv>
                </Word>
                <Word id="r_10_tl_44_w8" custom="readingOrder {index:7;}">
                    <Coords points="1185,2339 1185,2399 1239,2399 1239,2339"/>
                    <TextEquiv>
                        <Unicode>par</Unicode>
                    </TextEquiv>
                </Word>
                <TextEquiv>
                    <Unicode>cueil de differents memoires sur la Tourmaline par</Unicode>
                </TextEquiv>
            </TextLine>
            <TextLine id="r_10_tl_45" custom="readingOrder {index:44;}">
                <Coords points="226,2449 1253,2445 1226,2389 571,2389 522,2419 226,2389"/>
                <Baseline points="232,2433 271,2433 316,2433 361,2433 406,2430 450,2433 495,2433 540,2430 585,2427 629,2430 674,2430 719,2430 764,2430 809,2430 853,2433 898,2433 943,2433 988,2433 1032,2433 1077,2433 1122,2433 1167,2433 1212,2433 1256,2430"/>
                <Word id="r_10_tl_45_w1" custom="readingOrder {index:0;}">
                    <Coords points="232,2393 232,2453 303,2453 303,2393"/>
                    <TextEquiv>
                        <Unicode>Mr.</Unicode>
                    </TextEquiv>
                </Word>
                <Word id="r_10_tl_45_w2" custom="readingOrder {index:1;}">
                    <Coords points="326,2390 326,2450 492,2450 492,2390"/>
                    <TextEquiv>
                        <Unicode>Aepinus.</Unicode>
                    </TextEquiv>
                </Word>
                <Word id="r_10_tl_45_w3" custom="readingOrder {index:2;}">
                    <Coords points="537,2387 537,2447 614,2447 614,2387"/>
                    <TextEquiv>
                        <Unicode>Der</Unicode>
                    </TextEquiv>
                </Word>
                <Word id="r_10_tl_45_w4" custom="readingOrder {index:3;}">
                    <Coords points="648,2390 648,2450 774,2450 774,2390"/>
                    <TextEquiv>
                        <Unicode>Herzog</Unicode>
                    </TextEquiv>
                </Word>
                <Word id="r_10_tl_45_w5" custom="readingOrder {index:4;}">
                    <Coords points="814,2391 814,2451 857,2451 857,2391"/>
                    <TextEquiv>
                        <Unicode>de</Unicode>
                    </TextEquiv>
                </Word>
                <Word id="r_10_tl_45_w6" custom="readingOrder {index:5;}">
                    <Coords points="886,2393 886,2453 1013,2453 1013,2393"/>
                    <TextEquiv>
                        <Unicode>Noya</Unicode>
                    </TextEquiv>
                </Word>
                <Word id="r_10_tl_45_w7" custom="readingOrder {index:6;}">
                    <Coords points="1046,2393 1046,2453 1234,2453 1234,2393"/>
                    <TextEquiv>
                        <Unicode>Caraffa</Unicode>
                    </TextEquiv>
                </Word>
                <TextEquiv>
                    <Unicode>Mr. Aepinus. Der Herzog de Noya Caraffa</Unicode>
                </TextEquiv>
            </TextLine>
            <TextLine id="r_10_tl_46" custom="readingOrder {index:45;}">
                <Coords points="228,2496 1246,2492 1246,2447 1193,2443 228,2447"/>
                <Baseline points="235,2489 265,2486 310,2486 355,2483 400,2483 444,2480 489,2480 534,2480 579,2480 623,2477 668,2480 713,2477 758,2477 803,2477 847,2480 892,2480 937,2480 982,2483 1027,2483 1071,2480 1116,2483 1161,2480 1206,2480 1250,2477"/>
                <Word id="r_10_tl_46_w1" custom="readingOrder {index:0;}">
                    <Coords points="229,2446 229,2506 322,2506 322,2446"/>
                    <TextEquiv>
                        <Unicode>führt</Unicode>
                    </TextEquiv>
                </Word>
                <Word id="r_10_tl_46_w2" custom="readingOrder {index:1;}">
                    <Coords points="345,2443 345,2503 400,2503 400,2443"/>
                    <TextEquiv>
                        <Unicode>vom</Unicode>
                    </TextEquiv>
                </Word>
                <Word id="r_10_tl_46_w3" custom="readingOrder {index:2;}">
                    <Coords points="445,2438 445,2498 750,2498 750,2438"/>
                    <TextEquiv>
                        <Unicode>Aschenzieher</Unicode>
                    </TextEquiv>
                </Word>
                <Word id="r_10_tl_46_w4" custom="readingOrder {index:3;}">
                    <Coords points="784,2437 784,2497 833,2497 833,2437"/>
                    <TextEquiv>
                        <Unicode>den</Unicode>
                    </TextEquiv>
                </Word>
                <Word id="r_10_tl_46_w5" custom="readingOrder {index:4;}">
                    <Coords points="872,2441 872,2501 1061,2501 1061,2441"/>
                    <TextEquiv>
                        <Unicode>Plinius</Unicode>
                    </TextEquiv>
                </Word>
                <Word id="r_10_tl_46_w6" custom="readingOrder {index:5;}">
                    <Coords points="1095,2442 1095,2502 1160,2502 1160,2442"/>
                    <TextEquiv>
                        <Unicode>an,</Unicode>
                    </TextEquiv>
                </Word>
                <Word id="r_10_tl_46_w7" custom="readingOrder {index:6;}">
                    <Coords points="1183,2439 1183,2499 1238,2499 1238,2439"/>
                    <TextEquiv>
                        <Unicode>der</Unicode>
                    </TextEquiv>
                </Word>
                <TextEquiv>
                    <Unicode>führt vom Aschenzieher den Plinius an, der</Unicode>
                </TextEquiv>
            </TextLine>
            <TextLine id="r_10_tl_47" custom="readingOrder {index:46;}">
                <Coords points="231,2553 1237,2552 1249,2495 231,2512"/>
                <Baseline points="238,2543 265,2543 310,2537 355,2537 400,2534 444,2534 489,2534 534,2531 579,2531 623,2528 668,2528 713,2525 758,2525 803,2528 847,2528 892,2531 937,2528 982,2531 1027,2531 1071,2531 1116,2531 1161,2531 1206,2528 1250,2528"/>
                <Word id="r_10_tl_47_w1" custom="readingOrder {index:0;}">
                    <Coords points="237,2502 237,2562 299,2562 299,2502"/>
                    <TextEquiv>
                        <Unicode>37.</Unicode>
                    </TextEquiv>
                </Word>
                <Word id="r_10_tl_47_w2" custom="readingOrder {index:1;}">
                    <Coords points="317,2497 317,2557 367,2557 367,2497"/>
                    <TextEquiv>
                        <Unicode>B.</Unicode>
                    </TextEquiv>
                </Word>
                <Word id="r_10_tl_47_w3" custom="readingOrder {index:2;}">
                    <Coords points="384,2494 384,2554 423,2554 423,2494"/>
                    <TextEquiv>
                        <Unicode>7.</Unicode>
                    </TextEquiv>
                </Word>
                <Word id="r_10_tl_47_w4" custom="readingOrder {index:3;}">
                    <Coords points="442,2494 442,2554 509,2554 509,2494"/>
                    <TextEquiv>
                        <Unicode>Kap</Unicode>
                    </TextEquiv>
                </Word>
                <Word id="r_10_tl_47_w5" custom="readingOrder {index:4;}">
                    <Coords points="555,2490 555,2550 628,2550 628,2490"/>
                    <TextEquiv>
                        <Unicode>nach</Unicode>
                    </TextEquiv>
                </Word>
                <Word id="r_10_tl_47_w6" custom="readingOrder {index:5;}">
                    <Coords points="668,2486 668,2546 719,2546 719,2486"/>
                    <TextEquiv>
                        <Unicode>der</Unicode>
                    </TextEquiv>
                </Word>
                <Word id="r_10_tl_47_w7" custom="readingOrder {index:6;}">
                    <Coords points="742,2487 742,2547 849,2547 849,2487"/>
                    <TextEquiv>
                        <Unicode>Hard.</Unicode>
                    </TextEquiv>
                </Word>
                <Word id="r_10_tl_47_w8" custom="readingOrder {index:7;}">
                    <Coords points="867,2488 867,2548 1025,2548 1025,2488"/>
                    <TextEquiv>
                        <Unicode>Ausgabe</Unicode>
                    </TextEquiv>
                </Word>
                <Word id="r_10_tl_47_w9" custom="readingOrder {index:8;}">
                    <Coords points="1054,2491 1054,2551 1150,2551 1150,2491"/>
                    <TextEquiv>
                        <Unicode>davon</Unicode>
                    </TextEquiv>
                </Word>
                <Word id="r_10_tl_47_w10" custom="readingOrder {index:9;}">
                    <Coords points="1190,2488 1190,2548 1246,2548 1246,2488"/>
                    <TextEquiv>
                        <Unicode>sei=</Unicode>
                    </TextEquiv>
                </Word>
                <TextEquiv>
                    <Unicode>37. B. 7. Kap nach der Hard. Ausgabe davon sei=</Unicode>
                </TextEquiv>
            </TextLine>
            <TextLine id="r_10_tl_48" custom="readingOrder {index:47;}">
                <Coords points="226,2588 1242,2588 1202,2536 226,2553"/>
                <Baseline points="232,2582 259,2582 304,2585 349,2582 394,2582 438,2582 483,2585 528,2582 573,2579 618,2579 662,2576 707,2576 752,2573 797,2573 841,2576 886,2576 931,2579 976,2579 1021,2579 1065,2579 1110,2579 1155,2579 1200,2576 1244,2576"/>
                <Word id="r_10_tl_48_w1" custom="readingOrder {index:0;}">
                    <Coords points="231,2542 231,2602 289,2602 289,2542"/>
                    <TextEquiv>
                        <Unicode>ner</Unicode>
                    </TextEquiv>
                </Word>
                <Word id="r_10_tl_48_w2" custom="readingOrder {index:1;}">
                    <Coords points="310,2542 310,2602 489,2602 489,2542"/>
                    <TextEquiv>
                        <Unicode>Meynung</Unicode>
                    </TextEquiv>
                </Word>
                <Word id="r_10_tl_48_w3" custom="readingOrder {index:2;}">
                    <Coords points="516,2540 516,2600 585,2600 585,2540"/>
                    <TextEquiv>
                        <Unicode>nach</Unicode>
                    </TextEquiv>
                </Word>
                <Word id="r_10_tl_48_w4" custom="readingOrder {index:3;}">
                    <Coords points="617,2536 617,2596 791,2596 791,2536"/>
                    <TextEquiv>
                        <Unicode>erwahne,</Unicode>
                    </TextEquiv>
                </Word>
                <Word id="r_10_tl_48_w5" custom="readingOrder {index:4;}">
                    <Coords points="823,2536 823,2596 859,2596 859,2536"/>
                    <TextEquiv>
                        <Unicode>de</Unicode>
                    </TextEquiv>
                </Word>
                <Word id="r_10_tl_48_w6" custom="readingOrder {index:5;}">
                    <Coords points="886,2539 886,2599 1097,2599 1097,2539"/>
                    <TextEquiv>
                        <Unicode>Carbunculi</Unicode>
                    </TextEquiv>
                </Word>
                <Word id="r_10_tl_48_w7" custom="readingOrder {index:6;}">
                    <Coords points="1119,2537 1119,2597 1240,2597 1240,2537"/>
                    <TextEquiv>
                        <Unicode>specie¬</Unicode>
                    </TextEquiv>
                </Word>
                <TextEquiv>
                    <Unicode>ner Meynung nach erwahne, de Carbunculi specie¬</Unicode>
                </TextEquiv>
            </TextLine>
            <TextLine id="r_10_tl_49" custom="readingOrder {index:48;}">
                <Coords points="219,2659 1012,2630 1164,2657 1246,2638 1248,2585 219,2598"/>
                <Baseline points="226,2633 265,2633 310,2636 355,2636 400,2636 444,2633 489,2636 534,2633 579,2633 623,2630 668,2630 713,2627 758,2624 803,2624 847,2624 892,2624 937,2627 982,2630 1027,2630 1071,2630 1116,2630 1161,2630 1206,2630 1250,2627"/>
                <Word id="r_10_tl_49_w1" custom="readingOrder {index:0;}">
                    <Coords points="225,2593 225,2653 302,2653 302,2593"/>
                    <TextEquiv>
                        <Unicode>hus.</Unicode>
                    </TextEquiv>
                </Word>
                <Word id="r_10_tl_49_w2" custom="readingOrder {index:1;}">
                    <Coords points="348,2593 348,2653 520,2653 520,2593"/>
                    <TextEquiv>
                        <Unicode>Inhalt</Unicode>
                    </TextEquiv>
                </Word>
                <Word id="r_10_tl_49_w3" custom="readingOrder {index:2;}">
                    <Coords points="543,2593 543,2653 598,2653 598,2593"/>
                    <TextEquiv>
                        <Unicode>des</Unicode>
                    </TextEquiv>
                </Word>
                <Word id="r_10_tl_49_w4" custom="readingOrder {index:3;}">
                    <Coords points="621,2588 621,2648 760,2648 760,2588"/>
                    <TextEquiv>
                        <Unicode>achten</Unicode>
                    </TextEquiv>
                </Word>
                <Word id="r_10_tl_49_w5" custom="readingOrder {index:4;}">
                    <Coords points="788,2584 788,2644 928,2644 928,2584"/>
                    <TextEquiv>
                        <Unicode>Bandes</Unicode>
                    </TextEquiv>
                </Word>
                <Word id="r_10_tl_49_w6" custom="readingOrder {index:5;}">
                    <Coords points="951,2589 951,2649 1000,2649 1000,2589"/>
                    <TextEquiv>
                        <Unicode>der</Unicode>
                    </TextEquiv>
                </Word>
                <Word id="r_10_tl_49_w7" custom="readingOrder {index:6;}">
                    <Coords points="1023,2590 1023,2650 1245,2650 1245,2590"/>
                    <TextEquiv>
                        <Unicode>Commen¬</Unicode>
                    </TextEquiv>
                </Word>
                <TextEquiv>
                    <Unicode>hus. Inhalt des achten Bandes der Commen¬</Unicode>
                </TextEquiv>
            </TextLine>
            <TextLine id="r_10_tl_50" custom="readingOrder {index:49;}">
                <Coords points="219,2692 1242,2697 1231,2634 219,2656"/>
                <Baseline points="226,2681 271,2683 316,2681 361,2683 406,2681 450,2681 495,2681 540,2683 585,2681 629,2681 674,2678 719,2675 764,2675 809,2672 853,2675 898,2675 943,2678 988,2678 1032,2681 1077,2681 1122,2681 1167,2678 1212,2678 1244,2681"/>
                <Word id="r_10_tl_50_w1" custom="readingOrder {index:0;}">
                    <Coords points="224,2642 224,2702 361,2702 361,2642"/>
                    <TextEquiv>
                        <Unicode>tarien</Unicode>
                    </TextEquiv>
                </Word>
                <Word id="r_10_tl_50_w2" custom="readingOrder {index:1;}">
                    <Coords points="399,2641 399,2701 451,2701 451,2641"/>
                    <TextEquiv>
                        <Unicode>der</Unicode>
                    </TextEquiv>
                </Word>
                <Word id="r_10_tl_50_w3" custom="readingOrder {index:2;}">
                    <Coords points="484,2641 484,2701 737,2701 737,2641"/>
                    <TextEquiv>
                        <Unicode>Akademie,</Unicode>
                    </TextEquiv>
                </Word>
                <Word id="r_10_tl_50_w4" custom="readingOrder {index:3;}">
                    <Coords points="764,2633 764,2693 896,2693 896,2633"/>
                    <TextEquiv>
                        <Unicode>woraus</Unicode>
                    </TextEquiv>
                </Word>
                <Word id="r_10_tl_50_w5" custom="readingOrder {index:4;}">
                    <Coords points="929,2638 929,2698 976,2698 976,2638"/>
                    <TextEquiv>
                        <Unicode>die</Unicode>
                    </TextEquiv>
                </Word>
                <Word id="r_10_tl_50_w6" custom="readingOrder {index:5;}">
                    <Coords points="1008,2641 1008,2701 1129,2701 1129,2641"/>
                    <TextEquiv>
                        <Unicode>Längen</Unicode>
                    </TextEquiv>
                </Word>
                <Word id="r_10_tl_50_w7" custom="readingOrder {index:6;}">
                    <Coords points="1167,2638 1167,2698 1230,2698 1230,2638"/>
                    <TextEquiv>
                        <Unicode>und</Unicode>
                    </TextEquiv>
                </Word>
                <TextEquiv>
                    <Unicode>tarien der Akademie, woraus die Längen und</Unicode>
                </TextEquiv>
            </TextLine>
            <TextLine id="r_10_tl_51" custom="readingOrder {index:50;}">
                <Coords points="222,2732 1241,2749 1241,2697 1173,2688 222,2690"/>
                <Baseline points="229,2728 259,2731 304,2731 349,2731 394,2731 438,2731 483,2731 528,2731 573,2731 618,2728 662,2728 707,2725 752,2722 797,2722 841,2722 886,2722 931,2722 976,2725 1021,2728 1065,2728 1110,2728 1155,2728 1200,2728 1244,2725"/>
                <Word id="r_10_tl_51_w1" custom="readingOrder {index:0;}">
                    <Coords points="228,2691 228,2751 362,2751 362,2691"/>
                    <TextEquiv>
                        <Unicode>Breiten</Unicode>
                    </TextEquiv>
                </Word>
                <Word id="r_10_tl_51_w2" custom="readingOrder {index:1;}">
                    <Coords points="395,2691 395,2751 611,2751 611,2691"/>
                    <TextEquiv>
                        <Unicode>verschiedner</Unicode>
                    </TextEquiv>
                </Word>
                <Word id="r_10_tl_51_w3" custom="readingOrder {index:2;}">
                    <Coords points="633,2685 633,2745 752,2745 752,2685"/>
                    <TextEquiv>
                        <Unicode>Oerter</Unicode>
                    </TextEquiv>
                </Word>
                <Word id="r_10_tl_51_w4" custom="readingOrder {index:3;}">
                    <Coords points="779,2682 779,2742 833,2742 833,2682"/>
                    <TextEquiv>
                        <Unicode>des</Unicode>
                    </TextEquiv>
                </Word>
                <Word id="r_10_tl_51_w5" custom="readingOrder {index:4;}">
                    <Coords points="860,2682 860,2742 957,2742 957,2682"/>
                    <TextEquiv>
                        <Unicode>Russ.</Unicode>
                    </TextEquiv>
                </Word>
                <Word id="r_10_tl_51_w6" custom="readingOrder {index:5;}">
                    <Coords points="979,2688 979,2748 1098,2748 1098,2688"/>
                    <TextEquiv>
                        <Unicode>Reichs</Unicode>
                    </TextEquiv>
                </Word>
                <Word id="r_10_tl_51_w7" custom="readingOrder {index:6;}">
                    <Coords points="1131,2688 1131,2748 1238,2748 1238,2688"/>
                    <TextEquiv>
                        <Unicode>einge¬</Unicode>
                    </TextEquiv>
                </Word>
                <TextEquiv>
                    <Unicode>Breiten verschiedner Oerter des Russ. Reichs einge¬</Unicode>
                </TextEquiv>
            </TextLine>
            <TextLine id="r_10_tl_52" custom="readingOrder {index:51;}">
                <Coords points="219,2782 1242,2790 1242,2750 1152,2731 219,2750"/>
                <Baseline points="226,2782 271,2782 316,2782 361,2779 406,2782 450,2782 495,2782 540,2782 585,2782 629,2779 674,2779 719,2779 764,2776 809,2773 853,2773 898,2773 943,2770 988,2767 1032,2776 1077,2779 1122,2779 1167,2779 1212,2779 1244,2782"/>
                <Word id="r_10_tl_52_w1" custom="readingOrder {index:0;}">
                    <Coords points="226,2742 226,2802 312,2802 312,2742"/>
                    <TextEquiv>
                        <Unicode>rückt</Unicode>
                    </TextEquiv>
                </Word>
                <Word id="r_10_tl_52_w2" custom="readingOrder {index:1;}">
                    <Coords points="347,2741 347,2801 445,2801 445,2741"/>
                    <TextEquiv>
                        <Unicode>sind:</Unicode>
                    </TextEquiv>
                </Word>
                <Word id="r_10_tl_52_w3" custom="readingOrder {index:2;}">
                    <Coords points="498,2742 498,2802 619,2802 619,2742"/>
                    <TextEquiv>
                        <Unicode>Riga</Unicode>
                    </TextEquiv>
                </Word>
                <Word id="r_10_tl_52_w4" custom="readingOrder {index:3;}">
                    <Coords points="654,2739 654,2799 717,2799 717,2739"/>
                    <TextEquiv>
                        <Unicode>hat</Unicode>
                    </TextEquiv>
                </Word>
                <Word id="r_10_tl_52_w5" custom="readingOrder {index:4;}">
                    <Coords points="741,2735 741,2795 804,2795 804,2735"/>
                    <TextEquiv>
                        <Unicode>41°</Unicode>
                    </TextEquiv>
                </Word>
                <Word id="r_10_tl_52_w6" custom="readingOrder {index:5;}">
                    <Coords points="834,2733 834,2793 897,2793 897,2733"/>
                    <TextEquiv>
                        <Unicode>18’</Unicode>
                    </TextEquiv>
                </Word>
                <Word id="r_10_tl_52_w7" custom="readingOrder {index:6;}">
                    <Coords points="921,2729 921,2789 984,2789 984,2729"/>
                    <TextEquiv>
                        <Unicode>45"</Unicode>
                    </TextEquiv>
                </Word>
                <Word id="r_10_tl_52_w8" custom="readingOrder {index:7;}">
                    <Coords points="1031,2737 1031,2797 1082,2797 1082,2737"/>
                    <TextEquiv>
                        <Unicode>zur</Unicode>
                    </TextEquiv>
                </Word>
                <Word id="r_10_tl_52_w9" custom="readingOrder {index:8;}">
                    <Coords points="1118,2739 1118,2799 1238,2799 1238,2739"/>
                    <TextEquiv>
                        <Unicode>Länge,</Unicode>
                    </TextEquiv>
                </Word>
                <TextEquiv>
                    <Unicode>rückt sind: Riga hat 41° 18’ 45" zur Länge,</Unicode>
                </TextEquiv>
            </TextLine>
            <TextLine id="r_10_tl_53" custom="readingOrder {index:52;}">
                <Coords points="219,2852 878,2821 1242,2848 1242,2797 1144,2782 219,2803"/>
                <Baseline points="226,2836 259,2830 304,2827 349,2827 394,2830 438,2830 483,2830 528,2830 573,2827 618,2827 662,2827 707,2827 752,2824 797,2827 841,2821 886,2821 931,2821 976,2821 1021,2824 1065,2827 1110,2827 1155,2827 1200,2827 1244,2824"/>
                <Word id="r_10_tl_53_w1" custom="readingOrder {index:0;}">
                    <Coords points="221,2790 221,2850 287,2850 287,2790"/>
                    <TextEquiv>
                        <Unicode>560</Unicode>
                    </TextEquiv>
                </Word>
                <Word id="r_10_tl_53_w2" custom="readingOrder {index:1;}">
                    <Coords points="306,2787 306,2847 311,2847 311,2787"/>
                    <TextEquiv>
                        <Unicode>|</Unicode>
                    </TextEquiv>
                </Word>
                <Word id="r_10_tl_53_w3" custom="readingOrder {index:2;}">
                    <Coords points="324,2787 324,2847 384,2847 384,2787"/>
                    <TextEquiv>
                        <Unicode>56°</Unicode>
                    </TextEquiv>
                </Word>
                <Word id="r_10_tl_53_w4" custom="readingOrder {index:3;}">
                    <Coords points="415,2790 415,2850 481,2850 481,2790"/>
                    <TextEquiv>
                        <Unicode>24"</Unicode>
                    </TextEquiv>
                </Word>
                <Word id="r_10_tl_53_w5" custom="readingOrder {index:4;}">
                    <Coords points="524,2788 524,2848 578,2848 578,2788"/>
                    <TextEquiv>
                        <Unicode>zur</Unicode>
                    </TextEquiv>
                </Word>
                <Word id="r_10_tl_53_w6" custom="readingOrder {index:5;}">
                    <Coords points="609,2787 609,2847 790,2847 790,2787"/>
                    <TextEquiv>
                        <Unicode>Polhöhe.</Unicode>
                    </TextEquiv>
                </Word>
                <Word id="r_10_tl_53_w7" custom="readingOrder {index:6;}">
                    <Coords points="869,2781 869,2841 1087,2841 1087,2781"/>
                    <TextEquiv>
                        <Unicode>Moskaus</Unicode>
                    </TextEquiv>
                </Word>
                <Word id="r_10_tl_53_w8" custom="readingOrder {index:7;}">
                    <Coords points="1130,2787 1130,2847 1233,2847 1233,2787"/>
                    <TextEquiv>
                        <Unicode>Länge</Unicode>
                    </TextEquiv>
                </Word>
                <TextEquiv>
                    <Unicode>560 | 56° 24" zur Polhöhe. Moskaus Länge</Unicode>
                </TextEquiv>
            </TextLine>
            <TextLine id="r_10_tl_54" custom="readingOrder {index:53;}">
                <Coords points="215,2906 1241,2892 1241,2847 888,2825 217,2852"/>
                <Baseline points="223,2889 259,2889 304,2887 349,2884 394,2884 438,2881 483,2878 528,2878 573,2881 618,2884 662,2884 707,2887 752,2884 797,2881 841,2878 886,2875 931,2875 976,2875 1021,2878 1065,2878 1110,2881 1155,2878 1200,2878 1244,2875"/>
                <Word id="r_10_tl_54_w1" custom="readingOrder {index:0;}">
                    <Coords points="217,2849 217,2909 290,2909 290,2849"/>
                    <TextEquiv>
                        <Unicode>55.</Unicode>
                    </TextEquiv>
                </Word>
                <Word id="r_10_tl_54_w2" custom="readingOrder {index:1;}">
                    <Coords points="303,2846 303,2906 309,2906 309,2846"/>
                    <TextEquiv>
                        <Unicode>|</Unicode>
                    </TextEquiv>
                </Word>
                <Word id="r_10_tl_54_w3" custom="readingOrder {index:2;}">
                    <Coords points="322,2844 322,2904 352,2904 352,2844"/>
                    <TextEquiv>
                        <Unicode>12</Unicode>
                    </TextEquiv>
                </Word>
                <Word id="r_10_tl_54_w4" custom="readingOrder {index:3;}">
                    <Coords points="383,2844 383,2904 395,2904 395,2844"/>
                    <TextEquiv>
                        <Unicode>|</Unicode>
                    </TextEquiv>
                </Word>
                <Word id="r_10_tl_54_w5" custom="readingOrder {index:4;}">
                    <Coords points="402,2841 402,2901 445,2901 445,2841"/>
                    <TextEquiv>
                        <Unicode>45</Unicode>
                    </TextEquiv>
                </Word>
                <Word id="r_10_tl_54_w6" custom="readingOrder {index:5;}">
                    <Coords points="507,2840 507,2900 631,2900 631,2840"/>
                    <TextEquiv>
                        <Unicode>Breite</Unicode>
                    </TextEquiv>
                </Word>
                <Word id="r_10_tl_54_w7" custom="readingOrder {index:6;}">
                    <Coords points="662,2846 662,2906 723,2906 723,2846"/>
                    <TextEquiv>
                        <Unicode>55°</Unicode>
                    </TextEquiv>
                </Word>
                <Word id="r_10_tl_54_w8" custom="readingOrder {index:7;}">
                    <Coords points="749,2842 749,2902 791,2902 791,2842"/>
                    <TextEquiv>
                        <Unicode>45</Unicode>
                    </TextEquiv>
                </Word>
                <Word id="r_10_tl_54_w9" custom="readingOrder {index:8;}">
                    <Coords points="842,2835 842,2895 928,2895 928,2835"/>
                    <TextEquiv>
                        <Unicode>46“.</Unicode>
                    </TextEquiv>
                </Word>
                <Word id="r_10_tl_54_w10" custom="readingOrder {index:9;}">
                    <Coords points="996,2838 996,2898 1076,2898 1076,2838"/>
                    <TextEquiv>
                        <Unicode>Von</Unicode>
                    </TextEquiv>
                </Word>
                <Word id="r_10_tl_54_w11" custom="readingOrder {index:10;}">
                    <Coords points="1108,2838 1108,2898 1230,2898 1230,2838"/>
                    <TextEquiv>
                        <Unicode>andern</Unicode>
                    </TextEquiv>
                </Word>
                <TextEquiv>
                    <Unicode>55. | 12 | 45 Breite 55° 45 46“. Von andern</Unicode>
                </TextEquiv>
            </TextLine>
            <TextEquiv>
                <Unicode></Unicode>
            </TextEquiv>
        </TextRegion>
        <TextRegion id="r_22" custom="readingOrder {index:1;}">
            <Coords points="1272,304 2391,304 2391,2090 1272,2090"/>
            <TextLine id="r_22_tl_1" custom="readingOrder {index:0;}">
                <Coords points="1296,388 2322,398 2321,351 2155,326 1295,318"/>
                <Baseline points="1304,367 1349,370 1394,367 1439,370 1483,370 1528,370 1573,373 1618,373 1662,373 1707,373 1752,376 1797,376 1842,376 1886,376 1931,376 1976,376 2021,376 2065,376 2110,376 2155,376 2200,379 2245,379 2289,382 2325,385"/>
                <Word id="r_22_tl_1_w1" custom="readingOrder {index:0;}">
                    <Coords points="1302,328 1302,388 1455,388 1455,328"/>
                    <TextEquiv>
                        <Unicode>Büchern</Unicode>
                    </TextEquiv>
                </Word>
                <Word id="r_22_tl_1_w2" custom="readingOrder {index:1;}">
                    <Coords points="1491,331 1491,391 1615,391 1615,331"/>
                    <TextEquiv>
                        <Unicode>merken</Unicode>
                    </TextEquiv>
                </Word>
                <Word id="r_22_tl_1_w3" custom="readingOrder {index:2;}">
                    <Coords points="1651,333 1651,393 1715,393 1715,333"/>
                    <TextEquiv>
                        <Unicode>wir</Unicode>
                    </TextEquiv>
                </Word>
                <Word id="r_22_tl_1_w4" custom="readingOrder {index:3;}">
                    <Coords points="1746,336 1746,396 1804,396 1804,336"/>
                    <TextEquiv>
                        <Unicode>nur</Unicode>
                    </TextEquiv>
                </Word>
                <Word id="r_22_tl_1_w5" custom="readingOrder {index:4;}">
                    <Coords points="1834,336 1834,396 1869,396 1869,336"/>
                    <TextEquiv>
                        <Unicode>an</Unicode>
                    </TextEquiv>
                </Word>
                <Word id="r_22_tl_1_w6" custom="readingOrder {index:5;}">
                    <Coords points="1905,336 1905,396 2005,396 2005,336"/>
                    <TextEquiv>
                        <Unicode>Russ.</Unicode>
                    </TextEquiv>
                </Word>
                <Word id="r_22_tl_1_w7" custom="readingOrder {index:6;}">
                    <Coords points="2029,337 2029,397 2324,397 2324,337"/>
                    <TextEquiv>
                        <Unicode>Uebersetzungen,</Unicode>
                    </TextEquiv>
                </Word>
                <TextEquiv>
                    <Unicode>Büchern merken wir nur an Russ. Uebersetzungen,</Unicode>
                </TextEquiv>
            </TextLine>
            <TextLine id="r_22_tl_2" custom="readingOrder {index:1;}">
                <Coords points="1294,429 2318,450 2317,402 1293,388"/>
                <Baseline points="1301,420 1346,420 1391,417 1436,420 1480,420 1525,420 1570,423 1615,423 1659,423 1704,426 1749,426 1794,426 1839,429 1883,429 1928,429 1973,426 2018,426 2063,423 2107,426 2152,426 2197,426 2242,429 2286,432 2322,435"/>
                <Word id="r_22_tl_2_w1" custom="readingOrder {index:0;}">
                    <Coords points="1288,380 1288,440 1341,440 1341,380"/>
                    <TextEquiv>
                        <Unicode>des</Unicode>
                    </TextEquiv>
                </Word>
                <Word id="r_22_tl_2_w2" custom="readingOrder {index:1;}">
                    <Coords points="1373,380 1373,440 1609,440 1609,380"/>
                    <TextEquiv>
                        <Unicode>Herodots</Unicode>
                    </TextEquiv>
                </Word>
                <Word id="r_22_tl_2_w3" custom="readingOrder {index:2;}">
                    <Coords points="1657,386 1657,446 1887,446 1887,386"/>
                    <TextEquiv>
                        <Unicode>Rollins,</Unicode>
                    </TextEquiv>
                </Word>
                <Word id="r_22_tl_2_w4" custom="readingOrder {index:3;}">
                    <Coords points="1931,387 1931,447 1983,447 1983,387"/>
                    <TextEquiv>
                        <Unicode>der</Unicode>
                    </TextEquiv>
                </Word>
                <Word id="r_22_tl_2_w5" custom="readingOrder {index:4;}">
                    <Coords points="2021,386 2021,446 2305,446 2305,386"/>
                    <TextEquiv>
                        <Unicode>Horazischen</Unicode>
                    </TextEquiv>
                </Word>
                <TextEquiv>
                    <Unicode>des Herodots Rollins, der Horazischen</Unicode>
                </TextEquiv>
            </TextLine>
            <TextLine id="r_22_tl_3" custom="readingOrder {index:2;}">
                <Coords points="1303,476 2316,494 2316,450 2179,432 1303,429"/>
                <Baseline points="1310,468 1355,468 1400,468 1444,471 1489,471 1534,471 1579,471 1624,471 1668,471 1713,474 1758,477 1803,477 1848,480 1892,477 1937,480 1982,477 2027,477 2071,474 2116,471 2161,474 2206,474 2251,477 2295,480 2319,483"/>
                <Word id="r_22_tl_3_w1" custom="readingOrder {index:0;}">
                    <Coords points="1303,428 1303,488 1520,488 1520,428"/>
                    <TextEquiv>
                        <Unicode>Satyren,</Unicode>
                    </TextEquiv>
                </Word>
                <Word id="r_22_tl_3_w2" custom="readingOrder {index:1;}">
                    <Coords points="1548,431 1548,491 1596,491 1596,431"/>
                    <TextEquiv>
                        <Unicode>des</Unicode>
                    </TextEquiv>
                </Word>
                <Word id="r_22_tl_3_w3" custom="readingOrder {index:2;}">
                    <Coords points="1624,437 1624,497 1895,497 1895,437"/>
                    <TextEquiv>
                        <Unicode>Wallerius,</Unicode>
                    </TextEquiv>
                </Word>
                <Word id="r_22_tl_3_w4" custom="readingOrder {index:3;}">
                    <Coords points="1917,439 1917,499 1976,499 1976,439"/>
                    <TextEquiv>
                        <Unicode>und</Unicode>
                    </TextEquiv>
                </Word>
                <Word id="r_22_tl_3_w5" custom="readingOrder {index:4;}">
                    <Coords points="2005,436 2005,496 2058,496 2058,436"/>
                    <TextEquiv>
                        <Unicode>der</Unicode>
                    </TextEquiv>
                </Word>
                <Word id="r_22_tl_3_w6" custom="readingOrder {index:5;}">
                    <Coords points="2086,434 2086,494 2319,494 2319,434"/>
                    <TextEquiv>
                        <Unicode>Büsching¬</Unicode>
                    </TextEquiv>
                </Word>
                <TextEquiv>
                    <Unicode>Satyren, des Wallerius, und der Büsching¬</Unicode>
                </TextEquiv>
            </TextLine>
            <TextLine id="r_22_tl_4" custom="readingOrder {index:3;}">
                <Coords points="1309,527 2316,540 2316,495 2217,485 1309,477"/>
                <Baseline points="1316,519 1361,516 1406,519 1450,519 1495,522 1540,522 1585,522 1630,522 1674,525 1719,525 1764,528 1809,528 1854,528 1898,528 1943,531 1988,528 2033,531 2077,528 2122,525 2167,525 2212,525 2257,528 2301,525 2319,528"/>
                <Word id="r_22_tl_4_w1" custom="readingOrder {index:0;}">
                    <Coords points="1304,476 1304,536 1400,536 1400,476"/>
                    <TextEquiv>
                        <Unicode>schen</Unicode>
                    </TextEquiv>
                </Word>
                <Word id="r_22_tl_4_w2" custom="readingOrder {index:1;}">
                    <Coords points="1440,482 1440,542 1689,542 1689,482"/>
                    <TextEquiv>
                        <Unicode>Vorbereitung</Unicode>
                    </TextEquiv>
                </Word>
                <Word id="r_22_tl_4_w3" custom="readingOrder {index:2;}">
                    <Coords points="1730,486 1730,546 1763,546 1763,486"/>
                    <TextEquiv>
                        <Unicode>u.</Unicode>
                    </TextEquiv>
                </Word>
                <Word id="r_22_tl_4_w4" custom="readingOrder {index:3;}">
                    <Coords points="1792,488 1792,548 1820,548 1820,488"/>
                    <TextEquiv>
                        <Unicode>s.</Unicode>
                    </TextEquiv>
                </Word>
                <Word id="r_22_tl_4_w5" custom="readingOrder {index:4;}">
                    <Coords points="1838,488 1838,548 1871,548 1871,488"/>
                    <TextEquiv>
                        <Unicode>f.</Unicode>
                    </TextEquiv>
                </Word>
                <Word id="r_22_tl_4_w6" custom="readingOrder {index:5;}">
                    <Coords points="1934,490 1934,550 1979,550 1979,490"/>
                    <TextEquiv>
                        <Unicode>9)</Unicode>
                    </TextEquiv>
                </Word>
                <Word id="r_22_tl_4_w7" custom="readingOrder {index:6;}">
                    <Coords points="2013,487 2013,547 2155,547 2155,487"/>
                    <TextEquiv>
                        <Unicode>Andre</Unicode>
                    </TextEquiv>
                </Word>
                <Word id="r_22_tl_4_w8" custom="readingOrder {index:7;}">
                    <Coords points="2184,487 2184,547 2313,547 2313,487"/>
                    <TextEquiv>
                        <Unicode>Nach¬</Unicode>
                    </TextEquiv>
                </Word>
                <TextEquiv>
                    <Unicode>schen Vorbereitung u. s. f. 9) Andre Nach¬</Unicode>
                </TextEquiv>
            </TextLine>
            <TextLine id="r_22_tl_5" custom="readingOrder {index:4;}">
                <Coords points="1294,575 2316,593 2315,546 2230,532 1294,536"/>
                <Baseline points="1301,567 1346,567 1391,567 1436,570 1480,570 1525,573 1570,573 1615,573 1659,570 1704,576 1749,573 1794,573 1839,576 1883,576 1928,579 1973,579 2018,579 2063,579 2107,576 2152,576 2197,576 2242,576 2286,576 2319,573"/>
                <Word id="r_22_tl_5_w1" custom="readingOrder {index:0;}">
                    <Coords points="1289,527 1289,587 1476,587 1476,527"/>
                    <TextEquiv>
                        <Unicode>richten,</Unicode>
                    </TextEquiv>
                </Word>
                <Word id="r_22_tl_5_w2" custom="readingOrder {index:1;}">
                    <Coords points="1500,532 1500,592 1545,592 1545,532"/>
                    <TextEquiv>
                        <Unicode>1)</Unicode>
                    </TextEquiv>
                </Word>
                <Word id="r_22_tl_5_w3" custom="readingOrder {index:2;}">
                    <Coords points="1568,530 1568,590 1721,590 1721,530"/>
                    <TextEquiv>
                        <Unicode>Kayserl.</Unicode>
                    </TextEquiv>
                </Word>
                <Word id="r_22_tl_5_w4" custom="readingOrder {index:3;}">
                    <Coords points="1739,536 1739,596 2028,596 2028,536"/>
                    <TextEquiv>
                        <Unicode>Privilegien</Unicode>
                    </TextEquiv>
                </Word>
                <Word id="r_22_tl_5_w5" custom="readingOrder {index:4;}">
                    <Coords points="2063,537 2063,597 2114,597 2114,537"/>
                    <TextEquiv>
                        <Unicode>der</Unicode>
                    </TextEquiv>
                </Word>
                <Word id="r_22_tl_5_w6" custom="readingOrder {index:5;}">
                    <Coords points="2148,536 2148,596 2313,596 2313,536"/>
                    <TextEquiv>
                        <Unicode>vereinig¬</Unicode>
                    </TextEquiv>
                </Word>
                <TextEquiv>
                    <Unicode>richten, 1) Kayserl. Privilegien der vereinig¬</Unicode>
                </TextEquiv>
            </TextLine>
            <TextLine id="r_22_tl_6" custom="readingOrder {index:5;}">
                <Coords points="1287,634 2318,643 2318,594 2266,584 1287,572"/>
                <Baseline points="1295,615 1340,615 1385,615 1430,618 1474,618 1519,620 1564,620 1609,620 1653,623 1698,623 1743,626 1788,623 1833,626 1877,626 1922,626 1967,626 2012,626 2057,626 2101,626 2146,626 2191,626 2236,623 2280,623 2322,626"/>
                <Word id="r_22_tl_6_w1" custom="readingOrder {index:0;}">
                    <Coords points="1288,575 1288,635 1337,635 1337,575"/>
                    <TextEquiv>
                        <Unicode>ten</Unicode>
                    </TextEquiv>
                </Word>
                <Word id="r_22_tl_6_w2" custom="readingOrder {index:1;}">
                    <Coords points="1377,578 1377,638 1515,638 1515,578"/>
                    <TextEquiv>
                        <Unicode>Brüder</Unicode>
                    </TextEquiv>
                </Word>
                <Word id="r_22_tl_6_w3" custom="readingOrder {index:2;}">
                    <Coords points="1549,580 1549,640 1576,640 1576,580"/>
                    <TextEquiv>
                        <Unicode>in</Unicode>
                    </TextEquiv>
                </Word>
                <Word id="r_22_tl_6_w4" custom="readingOrder {index:3;}">
                    <Coords points="1610,583 1610,643 1810,643 1810,583"/>
                    <TextEquiv>
                        <Unicode>lateinischer</Unicode>
                    </TextEquiv>
                </Word>
                <Word id="r_22_tl_6_w5" custom="readingOrder {index:4;}">
                    <Coords points="1838,586 1838,646 2010,646 2010,586"/>
                    <TextEquiv>
                        <Unicode>Sprache.</Unicode>
                    </TextEquiv>
                </Word>
                <Word id="r_22_tl_6_w6" custom="readingOrder {index:5;}">
                    <Coords points="2061,586 2061,646 2104,646 2104,586"/>
                    <TextEquiv>
                        <Unicode>2)</Unicode>
                    </TextEquiv>
                </Word>
                <Word id="r_22_tl_6_w7" custom="readingOrder {index:6;}">
                    <Coords points="2133,583 2133,643 2310,643 2310,583"/>
                    <TextEquiv>
                        <Unicode>Nachricht</Unicode>
                    </TextEquiv>
                </Word>
                <TextEquiv>
                    <Unicode>ten Brüder in lateinischer Sprache. 2) Nachricht</Unicode>
                </TextEquiv>
            </TextLine>
            <TextLine id="r_22_tl_7" custom="readingOrder {index:6;}">
                <Coords points="1300,675 2313,683 2313,646 2254,637 1300,641"/>
                <Baseline points="1307,662 1352,665 1397,665 1442,668 1486,668 1531,671 1576,671 1621,674 1665,671 1710,677 1755,677 1800,677 1845,677 1889,674 1934,677 1979,677 2024,674 2068,677 2113,677 2158,677 2203,677 2248,674 2292,674 2316,674"/>
                <Word id="r_22_tl_7_w1" custom="readingOrder {index:0;}">
                    <Coords points="1295,623 1295,683 1349,683 1349,623"/>
                    <TextEquiv>
                        <Unicode>von</Unicode>
                    </TextEquiv>
                </Word>
                <Word id="r_22_tl_7_w2" custom="readingOrder {index:1;}">
                    <Coords points="1380,626 1380,686 1471,686 1471,626"/>
                    <TextEquiv>
                        <Unicode>Hrn.</Unicode>
                    </TextEquiv>
                </Word>
                <Word id="r_22_tl_7_w3" custom="readingOrder {index:2;}">
                    <Coords points="1497,631 1497,691 1653,691 1653,631"/>
                    <TextEquiv>
                        <Unicode>Lorenz</Unicode>
                    </TextEquiv>
                </Word>
                <Word id="r_22_tl_7_w4" custom="readingOrder {index:3;}">
                    <Coords points="1679,637 1679,697 1871,697 1871,637"/>
                    <TextEquiv>
                        <Unicode>Natter,</Unicode>
                    </TextEquiv>
                </Word>
                <Word id="r_22_tl_7_w5" custom="readingOrder {index:4;}">
                    <Coords points="1907,637 1907,697 1998,697 1998,637"/>
                    <TextEquiv>
                        <Unicode>einem</Unicode>
                    </TextEquiv>
                </Word>
                <Word id="r_22_tl_7_w6" custom="readingOrder {index:5;}">
                    <Coords points="2044,637 2044,697 2306,697 2306,637"/>
                    <TextEquiv>
                        <Unicode>Steingravirer</Unicode>
                    </TextEquiv>
                </Word>
                <TextEquiv>
                    <Unicode>von Hrn. Lorenz Natter, einem Steingravirer</Unicode>
                </TextEquiv>
            </TextLine>
            <TextLine id="r_22_tl_8" custom="readingOrder {index:7;}">
                <Coords points="1295,729 2307,742 2315,683 1294,682"/>
                <Baseline points="1301,713 1346,716 1391,713 1436,716 1480,716 1525,719 1570,719 1615,719 1659,722 1704,722 1749,722 1794,725 1839,725 1883,725 1928,725 1973,728 2018,728 2063,725 2107,728 2152,725 2197,728 2242,725 2286,725 2319,722"/>
                <Word id="r_22_tl_8_w1" custom="readingOrder {index:0;}">
                    <Coords points="1299,674 1299,734 1355,734 1355,674"/>
                    <TextEquiv>
                        <Unicode>und</Unicode>
                    </TextEquiv>
                </Word>
                <Word id="r_22_tl_8_w2" custom="readingOrder {index:1;}">
                    <Coords points="1387,677 1387,737 1609,737 1609,677"/>
                    <TextEquiv>
                        <Unicode>Medailleur.</Unicode>
                    </TextEquiv>
                </Word>
                <Word id="r_22_tl_8_w3" custom="readingOrder {index:2;}">
                    <Coords points="1662,682 1662,742 1765,742 1765,682"/>
                    <TextEquiv>
                        <Unicode>Diese</Unicode>
                    </TextEquiv>
                </Word>
                <Word id="r_22_tl_8_w4" custom="readingOrder {index:3;}">
                    <Coords points="1786,687 1786,747 2138,747 2138,687"/>
                    <TextEquiv>
                        <Unicode>Lebensbeschreibung</Unicode>
                    </TextEquiv>
                </Word>
                <Word id="r_22_tl_8_w5" custom="readingOrder {index:4;}">
                    <Coords points="2170,687 2170,747 2210,747 2210,687"/>
                    <TextEquiv>
                        <Unicode>ist</Unicode>
                    </TextEquiv>
                </Word>
                <Word id="r_22_tl_8_w6" custom="readingOrder {index:5;}">
                    <Coords points="2237,685 2237,745 2309,745 2309,685"/>
                    <TextEquiv>
                        <Unicode>eins</Unicode>
                    </TextEquiv>
                </Word>
                <TextEquiv>
                    <Unicode>und Medailleur. Diese Lebensbeschreibung ist eins</Unicode>
                </TextEquiv>
            </TextLine>
            <TextLine id="r_22_tl_9" custom="readingOrder {index:8;}">
                <Coords points="1294,776 2317,781 2317,742 2223,729 1294,727"/>
                <Baseline points="1301,761 1346,764 1391,764 1436,764 1480,767 1525,767 1570,767 1615,770 1659,770 1704,773 1749,773 1794,773 1839,776 1883,776 1928,776 1973,776 2018,776 2063,776 2107,776 2152,776 2197,776 2242,776 2286,776 2319,776"/>
                <Word id="r_22_tl_9_w1" custom="readingOrder {index:0;}">
                    <Coords points="1299,722 1299,782 1350,782 1350,722"/>
                    <TextEquiv>
                        <Unicode>der</Unicode>
                    </TextEquiv>
                </Word>
                <Word id="r_22_tl_9_w2" custom="readingOrder {index:1;}">
                    <Coords points="1371,727 1371,787 1618,787 1618,727"/>
                    <TextEquiv>
                        <Unicode>vorzüglichsten</Unicode>
                    </TextEquiv>
                </Word>
                <Word id="r_22_tl_9_w3" custom="readingOrder {index:2;}">
                    <Coords points="1650,733 1650,793 1773,793 1773,733"/>
                    <TextEquiv>
                        <Unicode>Stücke</Unicode>
                    </TextEquiv>
                </Word>
                <Word id="r_22_tl_9_w4" custom="readingOrder {index:3;}">
                    <Coords points="1794,733 1794,793 1820,793 1820,733"/>
                    <TextEquiv>
                        <Unicode>in</Unicode>
                    </TextEquiv>
                </Word>
                <Word id="r_22_tl_9_w5" custom="readingOrder {index:4;}">
                    <Coords points="1851,736 1851,796 1943,796 1943,736"/>
                    <TextEquiv>
                        <Unicode>dieser</Unicode>
                    </TextEquiv>
                </Word>
                <Word id="r_22_tl_9_w6" custom="readingOrder {index:5;}">
                    <Coords points="1965,736 1965,796 2196,796 2196,736"/>
                    <TextEquiv>
                        <Unicode>Sammlung.</Unicode>
                    </TextEquiv>
                </Word>
                <Word id="r_22_tl_9_w7" custom="readingOrder {index:6;}">
                    <Coords points="2223,736 2223,796 2305,796 2305,736"/>
                    <TextEquiv>
                        <Unicode>Das</Unicode>
                    </TextEquiv>
                </Word>
                <TextEquiv>
                    <Unicode>der vorzüglichsten Stücke in dieser Sammlung. Das</Unicode>
                </TextEquiv>
            </TextLine>
            <TextLine id="r_22_tl_10" custom="readingOrder {index:9;}">
                <Coords points="1295,824 2316,833 2300,782 1294,776"/>
                <Baseline points="1301,815 1346,812 1391,815 1436,815 1480,815 1525,818 1570,818 1615,818 1659,821 1704,824 1749,824 1794,824 1839,824 1883,824 1928,824 1973,826 2018,824 2063,826 2107,824 2152,826 2197,824 2242,826 2286,826 2319,826"/>
                <Word id="r_22_tl_10_w1" custom="readingOrder {index:0;}">
                    <Coords points="1299,773 1299,833 1440,833 1440,773"/>
                    <TextEquiv>
                        <Unicode>Cabinet</Unicode>
                    </TextEquiv>
                </Word>
                <Word id="r_22_tl_10_w2" custom="readingOrder {index:1;}">
                    <Coords points="1460,775 1460,835 1515,835 1515,775"/>
                    <TextEquiv>
                        <Unicode>von</Unicode>
                    </TextEquiv>
                </Word>
                <Word id="r_22_tl_10_w3" custom="readingOrder {index:2;}">
                    <Coords points="1546,778 1546,838 1622,838 1622,778"/>
                    <TextEquiv>
                        <Unicode>alten</Unicode>
                    </TextEquiv>
                </Word>
                <Word id="r_22_tl_10_w4" custom="readingOrder {index:3;}">
                    <Coords points="1653,784 1653,844 1814,844 1814,784"/>
                    <TextEquiv>
                        <Unicode>gravirten</Unicode>
                    </TextEquiv>
                </Word>
                <Word id="r_22_tl_10_w5" custom="readingOrder {index:4;}">
                    <Coords points="1850,784 1850,844 1991,844 1991,784"/>
                    <TextEquiv>
                        <Unicode>Steinen</Unicode>
                    </TextEquiv>
                </Word>
                <Word id="r_22_tl_10_w6" custom="readingOrder {index:5;}">
                    <Coords points="2032,785 2032,845 2092,845 2092,785"/>
                    <TextEquiv>
                        <Unicode>und</Unicode>
                    </TextEquiv>
                </Word>
                <Word id="r_22_tl_10_w7" custom="readingOrder {index:6;}">
                    <Coords points="2118,784 2118,844 2304,844 2304,784"/>
                    <TextEquiv>
                        <Unicode>Abdrücken</Unicode>
                    </TextEquiv>
                </Word>
                <TextEquiv>
                    <Unicode>Cabinet von alten gravirten Steinen und Abdrücken</Unicode>
                </TextEquiv>
            </TextLine>
            <TextLine id="r_22_tl_11" custom="readingOrder {index:10;}">
                <Coords points="1294,876 2307,883 2307,839 2195,831 1294,830"/>
                <Baseline points="1301,862 1346,862 1391,865 1436,865 1480,865 1525,865 1570,865 1615,868 1659,868 1704,871 1749,871 1794,874 1839,874 1883,874 1928,874 1973,874 2018,874 2063,874 2107,874 2152,874 2197,874 2242,877 2286,877 2310,874"/>
                <Word id="r_22_tl_11_w1" custom="readingOrder {index:0;}">
                    <Coords points="1289,822 1289,882 1341,882 1341,822"/>
                    <TextEquiv>
                        <Unicode>des</Unicode>
                    </TextEquiv>
                </Word>
                <Word id="r_22_tl_11_w2" custom="readingOrder {index:1;}">
                    <Coords points="1369,824 1369,884 1395,884 1395,824"/>
                    <TextEquiv>
                        <Unicode>zu</Unicode>
                    </TextEquiv>
                </Word>
                <Word id="r_22_tl_11_w3" custom="readingOrder {index:2;}">
                    <Coords points="1427,825 1427,885 1634,885 1634,825"/>
                    <TextEquiv>
                        <Unicode>Petershurg</Unicode>
                    </TextEquiv>
                </Word>
                <Word id="r_22_tl_11_w4" custom="readingOrder {index:3;}">
                    <Coords points="1672,832 1672,892 1874,892 1874,832"/>
                    <TextEquiv>
                        <Unicode>verstordnen</Unicode>
                    </TextEquiv>
                </Word>
                <Word id="r_22_tl_11_w5" custom="readingOrder {index:4;}">
                    <Coords points="1912,834 1912,894 2081,894 2081,834"/>
                    <TextEquiv>
                        <Unicode>Künstlers</Unicode>
                    </TextEquiv>
                </Word>
                <Word id="r_22_tl_11_w6" custom="readingOrder {index:5;}">
                    <Coords points="2114,834 2114,894 2214,894 2214,834"/>
                    <TextEquiv>
                        <Unicode>haben</Unicode>
                    </TextEquiv>
                </Word>
                <Word id="r_22_tl_11_w7" custom="readingOrder {index:6;}">
                    <Coords points="2252,837 2252,897 2305,897 2305,837"/>
                    <TextEquiv>
                        <Unicode>der</Unicode>
                    </TextEquiv>
                </Word>
                <TextEquiv>
                    <Unicode>des zu Petershurg verstordnen Künstlers haben der</Unicode>
                </TextEquiv>
            </TextLine>
            <TextLine id="r_22_tl_12" custom="readingOrder {index:11;}">
                <Coords points="1298,924 2315,941 2313,885 1296,875"/>
                <Baseline points="1304,910 1349,913 1394,913 1439,916 1483,916 1528,916 1573,916 1618,916 1662,919 1707,919 1752,922 1797,922 1842,922 1886,922 1931,925 1976,922 2021,925 2065,925 2110,925 2155,925 2200,925 2245,925 2289,925 2316,925"/>
                <Word id="r_22_tl_12_w1" custom="readingOrder {index:0;}">
                    <Coords points="1297,874 1297,934 1534,934 1534,874"/>
                    <TextEquiv>
                        <Unicode>Großfürst</Unicode>
                    </TextEquiv>
                </Word>
                <Word id="r_22_tl_12_w2" custom="readingOrder {index:1;}">
                    <Coords points="1564,876 1564,936 1616,936 1616,876"/>
                    <TextEquiv>
                        <Unicode>für</Unicode>
                    </TextEquiv>
                </Word>
                <Word id="r_22_tl_12_w3" custom="readingOrder {index:2;}">
                    <Coords points="1640,879 1640,939 1726,939 1726,879"/>
                    <TextEquiv>
                        <Unicode>1100</Unicode>
                    </TextEquiv>
                </Word>
                <Word id="r_22_tl_12_w4" custom="readingOrder {index:3;}">
                    <Coords points="1767,882 1767,942 1836,942 1836,882"/>
                    <TextEquiv>
                        <Unicode>Pf.</Unicode>
                    </TextEquiv>
                </Word>
                <Word id="r_22_tl_12_w5" custom="readingOrder {index:4;}">
                    <Coords points="1854,883 1854,943 1976,943 1976,883"/>
                    <TextEquiv>
                        <Unicode>Steil.</Unicode>
                    </TextEquiv>
                </Word>
                <Word id="r_22_tl_12_w6" custom="readingOrder {index:5;}">
                    <Coords points="2005,885 2005,945 2039,945 2039,885"/>
                    <TextEquiv>
                        <Unicode>an</Unicode>
                    </TextEquiv>
                </Word>
                <Word id="r_22_tl_12_w7" custom="readingOrder {index:6;}">
                    <Coords points="2081,885 2081,945 2132,945 2132,885"/>
                    <TextEquiv>
                        <Unicode>sich</Unicode>
                    </TextEquiv>
                </Word>
                <Word id="r_22_tl_12_w8" custom="readingOrder {index:7;}">
                    <Coords points="2162,885 2162,945 2312,945 2312,885"/>
                    <TextEquiv>
                        <Unicode>gekauft.</Unicode>
                    </TextEquiv>
                </Word>
                <TextEquiv>
                    <Unicode>Großfürst für 1100 Pf. Steil. an sich gekauft.</Unicode>
                </TextEquiv>
            </TextLine>
            <TextLine id="r_22_tl_13" custom="readingOrder {index:12;}">
                <Coords points="1296,969 2317,981 2316,939 2230,930 2076,967 2003,927 1785,955 1296,923"/>
                <Baseline points="1304,961 1349,961 1394,964 1439,964 1483,964 1528,964 1573,967 1618,964 1662,967 1707,970 1752,970 1797,970 1842,970 1886,973 1931,973 1976,973 2021,973 2065,976 2110,973 2155,976 2200,973 2245,973 2289,976 2319,976"/>
                <Word id="r_22_tl_13_w1" custom="readingOrder {index:0;}">
                    <Coords points="1297,921 1297,981 1374,981 1374,921"/>
                    <TextEquiv>
                        <Unicode>Das</Unicode>
                    </TextEquiv>
                </Word>
                <Word id="r_22_tl_13_w2" custom="readingOrder {index:1;}">
                    <Coords points="1408,924 1408,984 1624,984 1624,924"/>
                    <TextEquiv>
                        <Unicode>Verzeichniß</Unicode>
                    </TextEquiv>
                </Word>
                <Word id="r_22_tl_13_w3" custom="readingOrder {index:2;}">
                    <Coords points="1658,930 1658,990 1763,990 1763,930"/>
                    <TextEquiv>
                        <Unicode>davon</Unicode>
                    </TextEquiv>
                </Word>
                <Word id="r_22_tl_13_w4" custom="readingOrder {index:3;}">
                    <Coords points="1797,930 1797,990 1835,990 1835,930"/>
                    <TextEquiv>
                        <Unicode>ist</Unicode>
                    </TextEquiv>
                </Word>
                <Word id="r_22_tl_13_w5" custom="readingOrder {index:4;}">
                    <Coords points="1864,933 1864,993 2058,993 2058,933"/>
                    <TextEquiv>
                        <Unicode>beygefügt.</Unicode>
                    </TextEquiv>
                </Word>
                <Word id="r_22_tl_13_w6" custom="readingOrder {index:5;}">
                    <Coords points="2126,935 2126,995 2198,995 2198,935"/>
                    <TextEquiv>
                        <Unicode>10)</Unicode>
                    </TextEquiv>
                </Word>
                <Word id="r_22_tl_13_w7" custom="readingOrder {index:6;}">
                    <Coords points="2226,934 2226,994 2303,994 2303,934"/>
                    <TextEquiv>
                        <Unicode>Ein</Unicode>
                    </TextEquiv>
                </Word>
                <TextEquiv>
                    <Unicode>Das Verzeichniß davon ist beygefügt. 10) Ein</Unicode>
                </TextEquiv>
            </TextLine>
            <TextLine id="r_22_tl_14" custom="readingOrder {index:13;}">
                <Coords points="1294,1022 2295,1041 2313,992 1293,978"/>
                <Baseline points="1301,1009 1346,1009 1391,1012 1436,1012 1480,1015 1525,1015 1570,1015 1615,1015 1659,1018 1704,1018 1749,1018 1794,1021 1839,1021 1883,1021 1928,1021 1973,1021 2018,1024 2063,1024 2107,1021 2152,1021 2197,1024 2242,1024 2286,1024 2316,1027"/>
                <Word id="r_22_tl_14_w1" custom="readingOrder {index:0;}">
                    <Coords points="1293,972 1293,1032 1600,1032 1600,972"/>
                    <TextEquiv>
                        <Unicode>auswärtiges</Unicode>
                    </TextEquiv>
                </Word>
                <Word id="r_22_tl_14_w2" custom="readingOrder {index:1;}">
                    <Coords points="1638,978 1638,1038 1770,1038 1770,978"/>
                    <TextEquiv>
                        <Unicode>Buch,</Unicode>
                    </TextEquiv>
                </Word>
                <Word id="r_22_tl_14_w3" custom="readingOrder {index:2;}">
                    <Coords points="1797,981 1797,1041 1870,1041 1870,981"/>
                    <TextEquiv>
                        <Unicode>das</Unicode>
                    </TextEquiv>
                </Word>
                <Word id="r_22_tl_14_w4" custom="readingOrder {index:3;}">
                    <Coords points="1903,983 1903,1043 2104,1043 2104,983"/>
                    <TextEquiv>
                        <Unicode>Rußland</Unicode>
                    </TextEquiv>
                </Word>
                <Word id="r_22_tl_14_w5" custom="readingOrder {index:4;}">
                    <Coords points="2137,984 2137,1044 2316,1044 2316,984"/>
                    <TextEquiv>
                        <Unicode>betrift.</Unicode>
                    </TextEquiv>
                </Word>
                <TextEquiv>
                    <Unicode>auswärtiges Buch, das Rußland betrift.</Unicode>
                </TextEquiv>
            </TextLine>
            <TextLine id="r_22_tl_15" custom="readingOrder {index:14;}">
                <Coords points="1300,1063 2315,1088 2313,1036 2279,1032 1300,1023"/>
                <Baseline points="1307,1053 1352,1059 1397,1059 1442,1059 1486,1062 1531,1062 1576,1062 1621,1062 1665,1062 1710,1065 1755,1065 1800,1065 1845,1065 1889,1065 1934,1065 1979,1068 2024,1068 2068,1068 2113,1068 2158,1071 2203,1068 2248,1068 2292,1071 2316,1068"/>
                <Word id="r_22_tl_15_w1" custom="readingOrder {index:0;}">
                    <Coords points="1300,1014 1300,1074 1340,1074 1340,1014"/>
                    <TextEquiv>
                        <Unicode>Es</Unicode>
                    </TextEquiv>
                </Word>
                <Word id="r_22_tl_15_w2" custom="readingOrder {index:1;}">
                    <Coords points="1366,1019 1366,1079 1400,1079 1400,1019"/>
                    <TextEquiv>
                        <Unicode>ist</Unicode>
                    </TextEquiv>
                </Word>
                <Word id="r_22_tl_15_w3" custom="readingOrder {index:2;}">
                    <Coords points="1421,1019 1421,1079 1471,1079 1471,1019"/>
                    <TextEquiv>
                        <Unicode>die</Unicode>
                    </TextEquiv>
                </Word>
                <Word id="r_22_tl_15_w4" custom="readingOrder {index:3;}">
                    <Coords points="1492,1022 1492,1082 1639,1082 1639,1022"/>
                    <TextEquiv>
                        <Unicode>Histoire</Unicode>
                    </TextEquiv>
                </Word>
                <Word id="r_22_tl_15_w5" custom="readingOrder {index:4;}">
                    <Coords points="1664,1022 1664,1082 1694,1082 1694,1022"/>
                    <TextEquiv>
                        <Unicode>de</Unicode>
                    </TextEquiv>
                </Word>
                <Word id="r_22_tl_15_w6" custom="readingOrder {index:5;}">
                    <Coords points="1720,1025 1720,1085 1872,1085 1872,1025"/>
                    <TextEquiv>
                        <Unicode>l'Empire</Unicode>
                    </TextEquiv>
                </Word>
                <Word id="r_22_tl_15_w7" custom="readingOrder {index:6;}">
                    <Coords points="1908,1025 1908,1085 1938,1085 1938,1025"/>
                    <TextEquiv>
                        <Unicode>de</Unicode>
                    </TextEquiv>
                </Word>
                <Word id="r_22_tl_15_w8" custom="readingOrder {index:7;}">
                    <Coords points="1964,1028 1964,1088 2070,1088 2070,1028"/>
                    <TextEquiv>
                        <Unicode>Russie</Unicode>
                    </TextEquiv>
                </Word>
                <Word id="r_22_tl_15_w9" custom="readingOrder {index:8;}">
                    <Coords points="2101,1029 2101,1089 2176,1089 2176,1029"/>
                    <TextEquiv>
                        <Unicode>sous</Unicode>
                    </TextEquiv>
                </Word>
                <Word id="r_22_tl_15_w10" custom="readingOrder {index:9;}">
                    <Coords points="2197,1028 2197,1088 2303,1088 2303,1028"/>
                    <TextEquiv>
                        <Unicode>Pierre</Unicode>
                    </TextEquiv>
                </Word>
                <TextEquiv>
                    <Unicode>Es ist die Histoire de l'Empire de Russie sous Pierre</Unicode>
                </TextEquiv>
            </TextLine>
            <TextLine id="r_22_tl_16" custom="readingOrder {index:15;}">
                <Coords points="1296,1107 2316,1129 2316,1088 2264,1076 1296,1065"/>
                <Baseline points="1304,1104 1349,1101 1394,1107 1439,1110 1483,1113 1528,1113 1573,1113 1618,1113 1662,1113 1707,1113 1752,1113 1797,1110 1842,1113 1886,1113 1931,1113 1976,1113 2021,1116 2065,1113 2110,1116 2155,1116 2200,1113 2245,1113 2289,1116 2319,1119"/>
                <Word id="r_22_tl_16_w1" custom="readingOrder {index:0;}">
                    <Coords points="1300,1063 1300,1123 1324,1123 1324,1063"/>
                    <TextEquiv>
                        <Unicode>le</Unicode>
                    </TextEquiv>
                </Word>
                <Word id="r_22_tl_16_w2" custom="readingOrder {index:1;}">
                    <Coords points="1364,1069 1364,1129 1502,1129 1502,1069"/>
                    <TextEquiv>
                        <Unicode>Grand,</Unicode>
                    </TextEquiv>
                </Word>
                <Word id="r_22_tl_16_w3" custom="readingOrder {index:2;}">
                    <Coords points="1527,1073 1527,1133 1580,1133 1580,1073"/>
                    <TextEquiv>
                        <Unicode>par</Unicode>
                    </TextEquiv>
                </Word>
                <Word id="r_22_tl_16_w4" custom="readingOrder {index:3;}">
                    <Coords points="1611,1073 1611,1133 1625,1133 1625,1073"/>
                    <TextEquiv>
                        <Unicode>1</Unicode>
                    </TextEquiv>
                </Word>
                <Word id="r_22_tl_16_w5" custom="readingOrder {index:4;}">
                    <Coords points="1645,1073 1645,1133 1773,1133 1773,1073"/>
                    <TextEquiv>
                        <Unicode>Auteur</Unicode>
                    </TextEquiv>
                </Word>
                <Word id="r_22_tl_16_w6" custom="readingOrder {index:5;}">
                    <Coords points="1808,1071 1808,1131 1842,1131 1842,1071"/>
                    <TextEquiv>
                        <Unicode>de</Unicode>
                    </TextEquiv>
                </Word>
                <Word id="r_22_tl_16_w7" custom="readingOrder {index:6;}">
                    <Coords points="1872,1073 1872,1133 1975,1133 1975,1073"/>
                    <TextEquiv>
                        <Unicode>l'hist.</Unicode>
                    </TextEquiv>
                </Word>
                <Word id="r_22_tl_16_w8" custom="readingOrder {index:7;}">
                    <Coords points="2005,1075 2005,1135 2039,1135 2039,1075"/>
                    <TextEquiv>
                        <Unicode>de</Unicode>
                    </TextEquiv>
                </Word>
                <Word id="r_22_tl_16_w9" custom="readingOrder {index:8;}">
                    <Coords points="2069,1076 2069,1136 2206,1136 2206,1076"/>
                    <TextEquiv>
                        <Unicode>Charles</Unicode>
                    </TextEquiv>
                </Word>
                <Word id="r_22_tl_16_w10" custom="readingOrder {index:9;}">
                    <Coords points="2231,1074 2231,1134 2314,1134 2314,1074"/>
                    <TextEquiv>
                        <Unicode>XII.</Unicode>
                    </TextEquiv>
                </Word>
                <TextEquiv>
                    <Unicode>le Grand, par 1 Auteur de l'hist. de Charles XII.</Unicode>
                </TextEquiv>
            </TextLine>
            <TextLine id="r_22_tl_17" custom="readingOrder {index:16;}">
                <Coords points="1303,1164 2309,1173 2309,1130 2250,1126 1688,1142 1303,1110"/>
                <Baseline points="1310,1155 1355,1158 1400,1155 1444,1158 1489,1161 1534,1164 1579,1164 1624,1164 1668,1164 1713,1167 1758,1164 1803,1167 1848,1164 1892,1164 1937,1167 1982,1164 2027,1164 2071,1161 2116,1164 2161,1164 2206,1164 2251,1164 2295,1167 2313,1167"/>
                <Word id="r_22_tl_17_w1" custom="readingOrder {index:0;}">
                    <Coords points="1304,1115 1304,1175 1343,1175 1343,1115"/>
                    <TextEquiv>
                        <Unicode>T.</Unicode>
                    </TextEquiv>
                </Word>
                <Word id="r_22_tl_17_w2" custom="readingOrder {index:1;}">
                    <Coords points="1360,1116 1360,1176 1388,1176 1388,1116"/>
                    <TextEquiv>
                        <Unicode>I.</Unicode>
                    </TextEquiv>
                </Word>
                <Word id="r_22_tl_17_w3" custom="readingOrder {index:2;}">
                    <Coords points="1406,1117 1406,1177 1456,1177 1456,1117"/>
                    <TextEquiv>
                        <Unicode>II.</Unicode>
                    </TextEquiv>
                </Word>
                <Word id="r_22_tl_17_w4" custom="readingOrder {index:3;}">
                    <Coords points="1496,1123 1496,1183 1558,1183 1558,1123"/>
                    <TextEquiv>
                        <Unicode>So</Unicode>
                    </TextEquiv>
                </Word>
                <Word id="r_22_tl_17_w5" custom="readingOrder {index:4;}">
                    <Coords points="1593,1124 1593,1184 1660,1184 1660,1124"/>
                    <TextEquiv>
                        <Unicode>sehr</Unicode>
                    </TextEquiv>
                </Word>
                <Word id="r_22_tl_17_w6" custom="readingOrder {index:5;}">
                    <Coords points="1689,1126 1689,1186 1716,1186 1716,1126"/>
                    <TextEquiv>
                        <Unicode>es</Unicode>
                    </TextEquiv>
                </Word>
                <Word id="r_22_tl_17_w7" custom="readingOrder {index:6;}">
                    <Coords points="1751,1125 1751,1185 1801,1185 1801,1125"/>
                    <TextEquiv>
                        <Unicode>sich</Unicode>
                    </TextEquiv>
                </Word>
                <Word id="r_22_tl_17_w8" custom="readingOrder {index:7;}">
                    <Coords points="1837,1125 1837,1185 1994,1185 1994,1125"/>
                    <TextEquiv>
                        <Unicode>verräth,</Unicode>
                    </TextEquiv>
                </Word>
                <Word id="r_22_tl_17_w9" custom="readingOrder {index:8;}">
                    <Coords points="2029,1121 2029,1181 2085,1181 2085,1121"/>
                    <TextEquiv>
                        <Unicode>daß</Unicode>
                    </TextEquiv>
                </Word>
                <Word id="r_22_tl_17_w10" custom="readingOrder {index:9;}">
                    <Coords points="2114,1124 2114,1184 2170,1184 2170,1124"/>
                    <TextEquiv>
                        <Unicode>das</Unicode>
                    </TextEquiv>
                </Word>
                <Word id="r_22_tl_17_w11" custom="readingOrder {index:10;}">
                    <Coords points="2205,1124 2205,1184 2306,1184 2306,1124"/>
                    <TextEquiv>
                        <Unicode>Werk</Unicode>
                    </TextEquiv>
                </Word>
                <TextEquiv>
                    <Unicode>T. I. II. So sehr es sich verräth, daß das Werk</Unicode>
                </TextEquiv>
            </TextLine>
            <TextLine id="r_22_tl_18" custom="readingOrder {index:17;}">
                <Coords points="1296,1214 2307,1232 2295,1171 1296,1168"/>
                <Baseline points="1304,1203 1349,1206 1394,1206 1439,1209 1483,1209 1528,1212 1573,1212 1618,1215 1662,1215 1707,1215 1752,1215 1797,1218 1842,1215 1886,1215 1931,1215 1976,1215 2021,1215 2065,1215 2110,1212 2155,1212 2200,1212 2245,1215 2289,1215 2310,1215"/>
                <Word id="r_22_tl_18_w1" custom="readingOrder {index:0;}">
                    <Coords points="1297,1164 1297,1224 1353,1224 1353,1164"/>
                    <TextEquiv>
                        <Unicode>des</Unicode>
                    </TextEquiv>
                </Word>
                <Word id="r_22_tl_18_w2" custom="readingOrder {index:1;}">
                    <Coords points="1382,1168 1382,1228 1471,1228 1471,1168"/>
                    <TextEquiv>
                        <Unicode>Hrn.</Unicode>
                    </TextEquiv>
                </Word>
                <Word id="r_22_tl_18_w3" custom="readingOrder {index:2;}">
                    <Coords points="1495,1170 1495,1230 1528,1230 1528,1170"/>
                    <TextEquiv>
                        <Unicode>v.</Unicode>
                    </TextEquiv>
                </Word>
                <Word id="r_22_tl_18_w4" custom="readingOrder {index:3;}">
                    <Coords points="1546,1175 1546,1235 1732,1235 1732,1175"/>
                    <TextEquiv>
                        <Unicode>Voltäre</Unicode>
                    </TextEquiv>
                </Word>
                <Word id="r_22_tl_18_w5" custom="readingOrder {index:4;}">
                    <Coords points="1767,1177 1767,1237 1806,1237 1806,1177"/>
                    <TextEquiv>
                        <Unicode>ein</Unicode>
                    </TextEquiv>
                </Word>
                <Word id="r_22_tl_18_w6" custom="readingOrder {index:5;}">
                    <Coords points="1846,1175 1846,1235 1930,1235 1930,1175"/>
                    <TextEquiv>
                        <Unicode>Kind</Unicode>
                    </TextEquiv>
                </Word>
                <Word id="r_22_tl_18_w7" custom="readingOrder {index:6;}">
                    <Coords points="1965,1175 1965,1235 2021,1235 2021,1175"/>
                    <TextEquiv>
                        <Unicode>des</Unicode>
                    </TextEquiv>
                </Word>
                <Word id="r_22_tl_18_w8" custom="readingOrder {index:7;}">
                    <Coords points="2050,1172 2050,1232 2157,1232 2157,1172"/>
                    <TextEquiv>
                        <Unicode>Alters</Unicode>
                    </TextEquiv>
                </Word>
                <Word id="r_22_tl_18_w9" custom="readingOrder {index:8;}">
                    <Coords points="2186,1173 2186,1233 2247,1233 2247,1173"/>
                    <TextEquiv>
                        <Unicode>ist,</Unicode>
                    </TextEquiv>
                </Word>
                <Word id="r_22_tl_18_w10" custom="readingOrder {index:9;}">
                    <Coords points="2276,1175 2276,1235 2304,1235 2304,1175"/>
                    <TextEquiv>
                        <Unicode>so</Unicode>
                    </TextEquiv>
                </Word>
                <TextEquiv>
                    <Unicode>des Hrn. v. Voltäre ein Kind des Alters ist, so</Unicode>
                </TextEquiv>
            </TextLine>
            <TextLine id="r_22_tl_19" custom="readingOrder {index:18;}">
                <Coords points="1294,1264 2313,1276 2313,1229 2264,1226 1294,1227"/>
                <Baseline points="1301,1253 1346,1256 1391,1256 1436,1256 1480,1259 1525,1262 1570,1262 1615,1262 1659,1265 1704,1265 1749,1268 1794,1268 1839,1265 1883,1265 1928,1265 1973,1265 2018,1265 2063,1265 2107,1265 2152,1262 2197,1265 2242,1265 2286,1265 2316,1265"/>
                <Word id="r_22_tl_19_w1" custom="readingOrder {index:0;}">
                    <Coords points="1294,1216 1294,1276 1495,1276 1495,1216"/>
                    <TextEquiv>
                        <Unicode>rechtmaßig</Unicode>
                    </TextEquiv>
                </Word>
                <Word id="r_22_tl_19_w2" custom="readingOrder {index:1;}">
                    <Coords points="1523,1222 1523,1282 1576,1282 1576,1222"/>
                    <TextEquiv>
                        <Unicode>hat</Unicode>
                    </TextEquiv>
                </Word>
                <Word id="r_22_tl_19_w3" custom="readingOrder {index:2;}">
                    <Coords points="1598,1223 1598,1283 1669,1283 1669,1223"/>
                    <TextEquiv>
                        <Unicode>man</Unicode>
                    </TextEquiv>
                </Word>
                <Word id="r_22_tl_19_w4" custom="readingOrder {index:3;}">
                    <Coords points="1697,1225 1697,1285 1968,1285 1968,1225"/>
                    <TextEquiv>
                        <Unicode>verschiedentlich</Unicode>
                    </TextEquiv>
                </Word>
                <Word id="r_22_tl_19_w5" custom="readingOrder {index:4;}">
                    <Coords points="2001,1225 2001,1285 2050,1285 2050,1225"/>
                    <TextEquiv>
                        <Unicode>die</Unicode>
                    </TextEquiv>
                </Word>
                <Word id="r_22_tl_19_w6" custom="readingOrder {index:5;}">
                    <Coords points="2072,1223 2072,1283 2186,1283 2186,1223"/>
                    <TextEquiv>
                        <Unicode>Fehler</Unicode>
                    </TextEquiv>
                </Word>
                <Word id="r_22_tl_19_w7" custom="readingOrder {index:6;}">
                    <Coords points="2213,1225 2213,1285 2299,1285 2299,1225"/>
                    <TextEquiv>
                        <Unicode>darin</Unicode>
                    </TextEquiv>
                </Word>
                <TextEquiv>
                    <Unicode>rechtmaßig hat man verschiedentlich die Fehler darin</Unicode>
                </TextEquiv>
            </TextLine>
            <TextLine id="r_22_tl_20" custom="readingOrder {index:19;}">
                <Coords points="1296,1324 2313,1321 2313,1281 2196,1271 1296,1269"/>
                <Baseline points="1304,1310 1349,1307 1394,1307 1439,1310 1483,1310 1528,1310 1573,1310 1618,1313 1662,1313 1707,1316 1752,1316 1797,1316 1842,1316 1886,1316 1931,1316 1976,1316 2021,1316 2065,1316 2110,1319 2155,1319 2200,1316 2245,1316 2289,1316 2316,1313"/>
                <Word id="r_22_tl_20_w1" custom="readingOrder {index:0;}">
                    <Coords points="1297,1269 1297,1329 1329,1329 1329,1269"/>
                    <TextEquiv>
                        <Unicode>zu</Unicode>
                    </TextEquiv>
                </Word>
                <Word id="r_22_tl_20_w2" custom="readingOrder {index:1;}">
                    <Coords points="1363,1270 1363,1330 1562,1330 1562,1270"/>
                    <TextEquiv>
                        <Unicode>verbessern,</Unicode>
                    </TextEquiv>
                </Word>
                <Word id="r_22_tl_20_w3" custom="readingOrder {index:2;}">
                    <Coords points="1590,1273 1590,1333 1651,1333 1651,1273"/>
                    <TextEquiv>
                        <Unicode>und</Unicode>
                    </TextEquiv>
                </Word>
                <Word id="r_22_tl_20_w4" custom="readingOrder {index:3;}">
                    <Coords points="1685,1276 1685,1336 1734,1336 1734,1276"/>
                    <TextEquiv>
                        <Unicode>die</Unicode>
                    </TextEquiv>
                </Word>
                <Word id="r_22_tl_20_w5" custom="readingOrder {index:4;}">
                    <Coords points="1757,1276 1757,1336 1966,1336 1966,1276"/>
                    <TextEquiv>
                        <Unicode>Nachrichten</Unicode>
                    </TextEquiv>
                </Word>
                <Word id="r_22_tl_20_w6" custom="readingOrder {index:5;}">
                    <Coords points="2006,1276 2006,1336 2033,1336 2033,1276"/>
                    <TextEquiv>
                        <Unicode>zu</Unicode>
                    </TextEquiv>
                </Word>
                <Word id="r_22_tl_20_w7" custom="readingOrder {index:6;}">
                    <Coords points="2067,1279 2067,1339 2221,1339 2221,1279"/>
                    <TextEquiv>
                        <Unicode>ergänzen</Unicode>
                    </TextEquiv>
                </Word>
                <Word id="r_22_tl_20_w8" custom="readingOrder {index:7;}">
                    <Coords points="2261,1276 2261,1336 2310,1336 2310,1276"/>
                    <TextEquiv>
                        <Unicode>ge¬</Unicode>
                    </TextEquiv>
                </Word>
                <TextEquiv>
                    <Unicode>zu verbessern, und die Nachrichten zu ergänzen ge¬</Unicode>
                </TextEquiv>
            </TextLine>
            <TextLine id="r_22_tl_21" custom="readingOrder {index:20;}">
                <Coords points="1300,1375 2313,1375 2312,1336 2249,1327 1299,1322"/>
                <Baseline points="1307,1358 1352,1358 1397,1358 1442,1358 1486,1361 1531,1361 1576,1361 1621,1361 1665,1364 1710,1364 1755,1367 1800,1367 1845,1364 1889,1364 1934,1367 1979,1367 2024,1367 2068,1367 2113,1367 2158,1367 2203,1364 2248,1364 2292,1367 2316,1367"/>
                <Word id="r_22_tl_21_w1" custom="readingOrder {index:0;}">
                    <Coords points="1299,1318 1299,1378 1394,1378 1394,1318"/>
                    <TextEquiv>
                        <Unicode>sucht.</Unicode>
                    </TextEquiv>
                </Word>
                <Word id="r_22_tl_21_w2" custom="readingOrder {index:1;}">
                    <Coords points="1442,1320 1442,1380 1521,1380 1521,1320"/>
                    <TextEquiv>
                        <Unicode>Wir</Unicode>
                    </TextEquiv>
                </Word>
                <Word id="r_22_tl_21_w3" custom="readingOrder {index:2;}">
                    <Coords points="1548,1321 1548,1381 1653,1381 1653,1321"/>
                    <TextEquiv>
                        <Unicode>wollen</Unicode>
                    </TextEquiv>
                </Word>
                <Word id="r_22_tl_21_w4" custom="readingOrder {index:3;}">
                    <Coords points="1686,1324 1686,1384 1738,1384 1738,1324"/>
                    <TextEquiv>
                        <Unicode>vom</Unicode>
                    </TextEquiv>
                </Word>
                <Word id="r_22_tl_21_w5" custom="readingOrder {index:4;}">
                    <Coords points="1776,1324 1776,1384 1897,1384 1897,1324"/>
                    <TextEquiv>
                        <Unicode>letztern</Unicode>
                    </TextEquiv>
                </Word>
                <Word id="r_22_tl_21_w6" custom="readingOrder {index:5;}">
                    <Coords points="1925,1327 1925,1387 1993,1387 1993,1327"/>
                    <TextEquiv>
                        <Unicode>eins</Unicode>
                    </TextEquiv>
                </Word>
                <Word id="r_22_tl_21_w7" custom="readingOrder {index:6;}">
                    <Coords points="2015,1327 2015,1387 2194,1387 2194,1327"/>
                    <TextEquiv>
                        <Unicode>anführen.</Unicode>
                    </TextEquiv>
                </Word>
                <Word id="r_22_tl_21_w8" custom="readingOrder {index:7;}">
                    <Coords points="2237,1325 2237,1385 2311,1385 2311,1325"/>
                    <TextEquiv>
                        <Unicode>Ca¬</Unicode>
                    </TextEquiv>
                </Word>
                <TextEquiv>
                    <Unicode>sucht. Wir wollen vom letztern eins anführen. Ca¬</Unicode>
                </TextEquiv>
            </TextLine>
            <TextLine id="r_22_tl_22" custom="readingOrder {index:21;}">
                <Coords points="1287,1414 2317,1424 2317,1374 2215,1362 1287,1382"/>
                <Baseline points="1295,1409 1340,1409 1385,1409 1430,1409 1474,1412 1519,1412 1564,1412 1609,1415 1653,1412 1698,1412 1743,1415 1788,1418 1833,1415 1877,1415 1922,1415 1967,1415 2012,1418 2057,1415 2101,1415 2146,1415 2191,1415 2236,1415 2280,1415 2319,1415"/>
                <Word id="r_22_tl_22_w1" custom="readingOrder {index:0;}">
                    <Coords points="1288,1369 1288,1429 1503,1429 1503,1369"/>
                    <TextEquiv>
                        <Unicode>tharina,</Unicode>
                    </TextEquiv>
                </Word>
                <Word id="r_22_tl_22_w2" custom="readingOrder {index:1;}">
                    <Coords points="1526,1373 1526,1433 1648,1433 1648,1373"/>
                    <TextEquiv>
                        <Unicode>Peters</Unicode>
                    </TextEquiv>
                </Word>
                <Word id="r_22_tl_22_w3" custom="readingOrder {index:2;}">
                    <Coords points="1682,1377 1682,1437 1870,1437 1870,1377"/>
                    <TextEquiv>
                        <Unicode>Gemahlin</Unicode>
                    </TextEquiv>
                </Word>
                <Word id="r_22_tl_22_w4" custom="readingOrder {index:3;}">
                    <Coords points="1909,1375 1909,1435 1970,1435 1970,1375"/>
                    <TextEquiv>
                        <Unicode>hat</Unicode>
                    </TextEquiv>
                </Word>
                <Word id="r_22_tl_22_w5" custom="readingOrder {index:4;}">
                    <Coords points="1999,1376 1999,1436 2081,1436 2081,1376"/>
                    <TextEquiv>
                        <Unicode>nicht</Unicode>
                    </TextEquiv>
                </Word>
                <Word id="r_22_tl_22_w6" custom="readingOrder {index:5;}">
                    <Coords points="2115,1375 2115,1435 2176,1435 2176,1375"/>
                    <TextEquiv>
                        <Unicode>nur</Unicode>
                    </TextEquiv>
                </Word>
                <Word id="r_22_tl_22_w7" custom="readingOrder {index:6;}">
                    <Coords points="2210,1375 2210,1435 2297,1435 2297,1375"/>
                    <TextEquiv>
                        <Unicode>allein</Unicode>
                    </TextEquiv>
                </Word>
                <TextEquiv>
                    <Unicode>tharina, Peters Gemahlin hat nicht nur allein</Unicode>
                </TextEquiv>
            </TextLine>
            <TextLine id="r_22_tl_23" custom="readingOrder {index:22;}">
                <Coords points="1291,1469 2308,1487 2315,1427 1290,1416"/>
                <Baseline points="1298,1453 1343,1456 1388,1459 1433,1459 1477,1459 1522,1459 1567,1462 1612,1462 1656,1462 1701,1462 1746,1462 1791,1465 1836,1465 1880,1462 1925,1462 1970,1462 2015,1465 2060,1465 2104,1465 2149,1465 2194,1462 2239,1462 2283,1462 2319,1465"/>
                <Word id="r_22_tl_23_w1" custom="readingOrder {index:0;}">
                    <Coords points="1290,1415 1290,1475 1380,1475 1380,1415"/>
                    <TextEquiv>
                        <Unicode>einen</Unicode>
                    </TextEquiv>
                </Word>
                <Word id="r_22_tl_23_w2" custom="readingOrder {index:1;}">
                    <Coords points="1418,1419 1418,1479 1581,1479 1581,1419"/>
                    <TextEquiv>
                        <Unicode>Bruder,</Unicode>
                    </TextEquiv>
                </Word>
                <Word id="r_22_tl_23_w3" custom="readingOrder {index:2;}">
                    <Coords points="1603,1422 1603,1482 1714,1482 1714,1422"/>
                    <TextEquiv>
                        <Unicode>Carl</Unicode>
                    </TextEquiv>
                </Word>
                <Word id="r_22_tl_23_w4" custom="readingOrder {index:3;}">
                    <Coords points="1741,1422 1741,1482 2043,1482 2043,1422"/>
                    <TextEquiv>
                        <Unicode>Skawronsky</Unicode>
                    </TextEquiv>
                </Word>
                <Word id="r_22_tl_23_w5" custom="readingOrder {index:4;}">
                    <Coords points="2076,1425 2076,1485 2219,1485 2219,1425"/>
                    <TextEquiv>
                        <Unicode>gehabt,</Unicode>
                    </TextEquiv>
                </Word>
                <Word id="r_22_tl_23_w6" custom="readingOrder {index:5;}">
                    <Coords points="2246,1422 2246,1482 2304,1482 2304,1422"/>
                    <TextEquiv>
                        <Unicode>wie</Unicode>
                    </TextEquiv>
                </Word>
                <TextEquiv>
                    <Unicode>einen Bruder, Carl Skawronsky gehabt, wie</Unicode>
                </TextEquiv>
            </TextLine>
            <TextLine id="r_22_tl_24" custom="readingOrder {index:23;}">
                <Coords points="1287,1522 2311,1525 2311,1487 2224,1474 1758,1470 1681,1505 1614,1472 1287,1468"/>
                <Baseline points="1295,1504 1340,1507 1385,1507 1430,1510 1474,1510 1519,1510 1564,1513 1609,1513 1653,1516 1698,1513 1743,1513 1788,1513 1833,1513 1877,1513 1922,1513 1967,1513 2012,1516 2057,1513 2101,1516 2146,1513 2191,1510 2236,1510 2280,1513 2313,1513"/>
                <Word id="r_22_tl_24_w1" custom="readingOrder {index:0;}">
                    <Coords points="1292,1467 1292,1527 1478,1527 1478,1467"/>
                    <TextEquiv>
                        <Unicode>Voltåre</Unicode>
                    </TextEquiv>
                </Word>
                <Word id="r_22_tl_24_w2" custom="readingOrder {index:1;}">
                    <Coords points="1515,1473 1515,1533 1665,1533 1665,1473"/>
                    <TextEquiv>
                        <Unicode>meldet,</Unicode>
                    </TextEquiv>
                </Word>
                <Word id="r_22_tl_24_w3" custom="readingOrder {index:2;}">
                    <Coords points="1702,1473 1702,1533 1836,1533 1836,1473"/>
                    <TextEquiv>
                        <Unicode>sondern</Unicode>
                    </TextEquiv>
                </Word>
                <Word id="r_22_tl_24_w4" custom="readingOrder {index:3;}">
                    <Coords points="1874,1473 1874,1533 1946,1533 1946,1473"/>
                    <TextEquiv>
                        <Unicode>noch</Unicode>
                    </TextEquiv>
                </Word>
                <Word id="r_22_tl_24_w5" custom="readingOrder {index:4;}">
                    <Coords points="1982,1475 1982,1535 2044,1535 2044,1475"/>
                    <TextEquiv>
                        <Unicode>zwo</Unicode>
                    </TextEquiv>
                </Word>
                <Word id="r_22_tl_24_w6" custom="readingOrder {index:5;}">
                    <Coords points="2081,1470 2081,1530 2314,1530 2314,1470"/>
                    <TextEquiv>
                        <Unicode>Schwestern,</Unicode>
                    </TextEquiv>
                </Word>
                <TextEquiv>
                    <Unicode>Voltåre meldet, sondern noch zwo Schwestern,</Unicode>
                </TextEquiv>
            </TextLine>
            <TextLine id="r_22_tl_25" custom="readingOrder {index:24;}">
                <Coords points="1291,1563 2309,1575 2282,1522 1291,1522"/>
                <Baseline points="1298,1555 1343,1558 1388,1558 1433,1558 1477,1561 1522,1561 1567,1561 1612,1561 1656,1561 1701,1561 1746,1564 1791,1564 1836,1564 1880,1564 1925,1564 1970,1564 2015,1561 2060,1567 2104,1564 2149,1564 2194,1564 2239,1561 2283,1561 2313,1561"/>
                <Word id="r_22_tl_25_w1" custom="readingOrder {index:0;}">
                    <Coords points="1291,1516 1291,1576 1338,1576 1338,1516"/>
                    <TextEquiv>
                        <Unicode>die</Unicode>
                    </TextEquiv>
                </Word>
                <Word id="r_22_tl_25_w2" custom="readingOrder {index:1;}">
                    <Coords points="1360,1518 1360,1578 1391,1578 1391,1518"/>
                    <TextEquiv>
                        <Unicode>an</Unicode>
                    </TextEquiv>
                </Word>
                <Word id="r_22_tl_25_w3" custom="readingOrder {index:2;}">
                    <Coords points="1424,1518 1424,1578 1471,1578 1471,1518"/>
                    <TextEquiv>
                        <Unicode>die</Unicode>
                    </TextEquiv>
                </Word>
                <Word id="r_22_tl_25_w4" custom="readingOrder {index:3;}">
                    <Coords points="1493,1521 1493,1581 1620,1581 1620,1521"/>
                    <TextEquiv>
                        <Unicode>Herren</Unicode>
                    </TextEquiv>
                </Word>
                <Word id="r_22_tl_25_w5" custom="readingOrder {index:4;}">
                    <Coords points="1653,1524 1653,1584 1876,1584 1876,1524"/>
                    <TextEquiv>
                        <Unicode>Henrikow</Unicode>
                    </TextEquiv>
                </Word>
                <Word id="r_22_tl_25_w6" custom="readingOrder {index:5;}">
                    <Coords points="1924,1524 1924,1584 1987,1584 1987,1524"/>
                    <TextEquiv>
                        <Unicode>und</Unicode>
                    </TextEquiv>
                </Word>
                <Word id="r_22_tl_25_w7" custom="readingOrder {index:6;}">
                    <Coords points="2020,1524 2020,1584 2307,1584 2307,1524"/>
                    <TextEquiv>
                        <Unicode>Jesimowski</Unicode>
                    </TextEquiv>
                </Word>
                <TextEquiv>
                    <Unicode>die an die Herren Henrikow und Jesimowski</Unicode>
                </TextEquiv>
            </TextLine>
            <TextLine id="r_22_tl_26" custom="readingOrder {index:25;}">
                <Coords points="1291,1612 2316,1624 2316,1576 2237,1568 2093,1599 1980,1568 1291,1575"/>
                <Baseline points="1298,1609 1343,1606 1388,1606 1433,1609 1477,1609 1522,1612 1567,1612 1612,1612 1656,1612 1701,1612 1746,1612 1791,1615 1836,1615 1880,1612 1925,1612 1970,1612 2015,1615 2060,1615 2104,1612 2149,1609 2194,1609 2239,1612 2283,1612 2319,1612"/>
                <Word id="r_22_tl_26_w1" custom="readingOrder {index:0;}">
                    <Coords points="1291,1567 1291,1627 1520,1627 1520,1567"/>
                    <TextEquiv>
                        <Unicode>verheyrathet</Unicode>
                    </TextEquiv>
                </Word>
                <Word id="r_22_tl_26_w2" custom="readingOrder {index:1;}">
                    <Coords points="1536,1572 1536,1632 1690,1632 1690,1572"/>
                    <TextEquiv>
                        <Unicode>worden,</Unicode>
                    </TextEquiv>
                </Word>
                <Word id="r_22_tl_26_w3" custom="readingOrder {index:2;}">
                    <Coords points="1707,1572 1707,1632 1765,1632 1765,1572"/>
                    <TextEquiv>
                        <Unicode>und</Unicode>
                    </TextEquiv>
                </Word>
                <Word id="r_22_tl_26_w4" custom="readingOrder {index:3;}">
                    <Coords points="1792,1573 1792,1633 1914,1633 1914,1573"/>
                    <TextEquiv>
                        <Unicode>Kinder</Unicode>
                    </TextEquiv>
                </Word>
                <Word id="r_22_tl_26_w5" custom="readingOrder {index:4;}">
                    <Coords points="1942,1574 1942,1634 2074,1634 2074,1574"/>
                    <TextEquiv>
                        <Unicode>gehabt.</Unicode>
                    </TextEquiv>
                </Word>
                <Word id="r_22_tl_26_w6" custom="readingOrder {index:5;}">
                    <Coords points="2128,1569 2128,1629 2202,1629 2202,1569"/>
                    <TextEquiv>
                        <Unicode>Der</Unicode>
                    </TextEquiv>
                </Word>
                <Word id="r_22_tl_26_w7" custom="readingOrder {index:6;}">
                    <Coords points="2219,1572 2219,1632 2314,1632 2314,1572"/>
                    <TextEquiv>
                        <Unicode>Bru¬</Unicode>
                    </TextEquiv>
                </Word>
                <TextEquiv>
                    <Unicode>verheyrathet worden, und Kinder gehabt. Der Bru¬</Unicode>
                </TextEquiv>
            </TextLine>
            <TextLine id="r_22_tl_27" custom="readingOrder {index:26;}">
                <Coords points="1291,1672 2309,1670 2298,1619 1291,1612"/>
                <Baseline points="1298,1656 1343,1656 1388,1656 1433,1659 1477,1656 1522,1656 1567,1659 1612,1662 1656,1662 1701,1662 1746,1659 1791,1662 1836,1659 1880,1662 1925,1662 1970,1662 2015,1662 2060,1662 2104,1662 2149,1659 2194,1662 2239,1659 2283,1659 2313,1656"/>
                <Word id="r_22_tl_27_w1" custom="readingOrder {index:0;}">
                    <Coords points="1291,1616 1291,1676 1343,1676 1343,1616"/>
                    <TextEquiv>
                        <Unicode>der</Unicode>
                    </TextEquiv>
                </Word>
                <Word id="r_22_tl_27_w2" custom="readingOrder {index:1;}">
                    <Coords points="1365,1616 1365,1676 1423,1676 1423,1616"/>
                    <TextEquiv>
                        <Unicode>hat</Unicode>
                    </TextEquiv>
                </Word>
                <Word id="r_22_tl_27_w3" custom="readingOrder {index:2;}">
                    <Coords points="1444,1617 1444,1677 1454,1677 1454,1617"/>
                    <TextEquiv>
                        <Unicode>3</Unicode>
                    </TextEquiv>
                </Word>
                <Word id="r_22_tl_27_w4" custom="readingOrder {index:3;}">
                    <Coords points="1487,1617 1487,1677 1613,1677 1613,1617"/>
                    <TextEquiv>
                        <Unicode>Söhne</Unicode>
                    </TextEquiv>
                </Word>
                <Word id="r_22_tl_27_w5" custom="readingOrder {index:4;}">
                    <Coords points="1635,1622 1635,1682 1698,1682 1698,1622"/>
                    <TextEquiv>
                        <Unicode>und</Unicode>
                    </TextEquiv>
                </Word>
                <Word id="r_22_tl_27_w6" custom="readingOrder {index:5;}">
                    <Coords points="1725,1620 1725,1680 1735,1680 1735,1620"/>
                    <TextEquiv>
                        <Unicode>3</Unicode>
                    </TextEquiv>
                </Word>
                <Word id="r_22_tl_27_w7" custom="readingOrder {index:6;}">
                    <Coords points="1762,1619 1762,1679 1899,1679 1899,1619"/>
                    <TextEquiv>
                        <Unicode>Töchter</Unicode>
                    </TextEquiv>
                </Word>
                <Word id="r_22_tl_27_w8" custom="readingOrder {index:7;}">
                    <Coords points="1921,1622 1921,1682 2063,1682 2063,1622"/>
                    <TextEquiv>
                        <Unicode>gehabt,</Unicode>
                    </TextEquiv>
                </Word>
                <Word id="r_22_tl_27_w9" custom="readingOrder {index:8;}">
                    <Coords points="2096,1619 2096,1679 2211,1679 2211,1619"/>
                    <TextEquiv>
                        <Unicode>wovon</Unicode>
                    </TextEquiv>
                </Word>
                <Word id="r_22_tl_27_w10" custom="readingOrder {index:9;}">
                    <Coords points="2249,1619 2249,1679 2301,1679 2301,1619"/>
                    <TextEquiv>
                        <Unicode>der</Unicode>
                    </TextEquiv>
                </Word>
                <TextEquiv>
                    <Unicode>der hat 3 Söhne und 3 Töchter gehabt, wovon der</Unicode>
                </TextEquiv>
            </TextLine>
            <TextLine id="r_22_tl_28" custom="readingOrder {index:27;}">
                <Coords points="1282,1714 2313,1720 2313,1670 1282,1673"/>
                <Baseline points="1289,1704 1334,1704 1379,1704 1424,1704 1468,1704 1513,1707 1558,1707 1603,1707 1648,1707 1692,1707 1737,1707 1782,1707 1827,1707 1871,1707 1916,1710 1961,1707 2006,1707 2051,1707 2095,1707 2140,1707 2185,1710 2230,1707 2274,1707 2316,1707"/>
                <Word id="r_22_tl_28_w1" custom="readingOrder {index:0;}">
                    <Coords points="1287,1664 1287,1724 1433,1724 1433,1664"/>
                    <TextEquiv>
                        <Unicode>mittelste</Unicode>
                    </TextEquiv>
                </Word>
                <Word id="r_22_tl_28_w2" custom="readingOrder {index:1;}">
                    <Coords points="1459,1666 1459,1726 1560,1726 1560,1666"/>
                    <TextEquiv>
                        <Unicode>Sohn</Unicode>
                    </TextEquiv>
                </Word>
                <Word id="r_22_tl_28_w3" custom="readingOrder {index:2;}">
                    <Coords points="1591,1667 1591,1727 1763,1727 1763,1667"/>
                    <TextEquiv>
                        <Unicode>Martin</Unicode>
                    </TextEquiv>
                </Word>
                <Word id="r_22_tl_28_w4" custom="readingOrder {index:3;}">
                    <Coords points="1794,1667 1794,1727 1865,1727 1865,1667"/>
                    <TextEquiv>
                        <Unicode>noch</Unicode>
                    </TextEquiv>
                </Word>
                <Word id="r_22_tl_28_w5" custom="readingOrder {index:4;}">
                    <Coords points="1891,1669 1891,1729 1971,1729 1971,1669"/>
                    <TextEquiv>
                        <Unicode>lebt,</Unicode>
                    </TextEquiv>
                </Word>
                <Word id="r_22_tl_28_w6" custom="readingOrder {index:5;}">
                    <Coords points="1997,1667 1997,1727 2047,1727 2047,1667"/>
                    <TextEquiv>
                        <Unicode>die</Unicode>
                    </TextEquiv>
                </Word>
                <Word id="r_22_tl_28_w7" custom="readingOrder {index:6;}">
                    <Coords points="2068,1667 2068,1727 2144,1727 2144,1667"/>
                    <TextEquiv>
                        <Unicode>erste</Unicode>
                    </TextEquiv>
                </Word>
                <Word id="r_22_tl_28_w8" custom="readingOrder {index:7;}">
                    <Coords points="2170,1667 2170,1727 2306,1727 2306,1667"/>
                    <TextEquiv>
                        <Unicode>Tochter</Unicode>
                    </TextEquiv>
                </Word>
                <TextEquiv>
                    <Unicode>mittelste Sohn Martin noch lebt, die erste Tochter</Unicode>
                </TextEquiv>
            </TextLine>
            <TextLine id="r_22_tl_29" custom="readingOrder {index:28;}">
                <Coords points="1282,1759 2307,1763 2307,1724 2227,1715 1282,1732"/>
                <Baseline points="1289,1746 1334,1749 1379,1749 1424,1749 1468,1752 1513,1749 1558,1749 1603,1749 1648,1749 1692,1749 1737,1749 1782,1752 1827,1752 1871,1752 1916,1749 1961,1752 2006,1752 2051,1752 2095,1752 2140,1752 2185,1755 2230,1752 2274,1755 2310,1752"/>
                <Word id="r_22_tl_29_w1" custom="readingOrder {index:0;}">
                    <Coords points="1285,1708 1285,1768 1362,1768 1362,1708"/>
                    <TextEquiv>
                        <Unicode>aber</Unicode>
                    </TextEquiv>
                </Word>
                <Word id="r_22_tl_29_w2" custom="readingOrder {index:1;}">
                    <Coords points="1385,1709 1385,1769 1416,1769 1416,1709"/>
                    <TextEquiv>
                        <Unicode>an</Unicode>
                    </TextEquiv>
                </Word>
                <Word id="r_22_tl_29_w3" custom="readingOrder {index:2;}">
                    <Coords points="1449,1710 1449,1770 1535,1770 1535,1710"/>
                    <TextEquiv>
                        <Unicode>einen</Unicode>
                    </TextEquiv>
                </Word>
                <Word id="r_22_tl_29_w4" custom="readingOrder {index:3;}">
                    <Coords points="1568,1709 1568,1769 1658,1769 1658,1709"/>
                    <TextEquiv>
                        <Unicode>Graf</Unicode>
                    </TextEquiv>
                </Word>
                <Word id="r_22_tl_29_w5" custom="readingOrder {index:4;}">
                    <Coords points="1682,1712 1682,1772 1919,1772 1919,1712"/>
                    <TextEquiv>
                        <Unicode>Sapieha,</Unicode>
                    </TextEquiv>
                </Word>
                <Word id="r_22_tl_29_w6" custom="readingOrder {index:5;}">
                    <Coords points="1947,1712 1947,1772 1996,1772 1996,1712"/>
                    <TextEquiv>
                        <Unicode>die</Unicode>
                    </TextEquiv>
                </Word>
                <Word id="r_22_tl_29_w7" custom="readingOrder {index:6;}">
                    <Coords points="2024,1712 2024,1772 2142,1772 2142,1712"/>
                    <TextEquiv>
                        <Unicode>zweyte</Unicode>
                    </TextEquiv>
                </Word>
                <Word id="r_22_tl_29_w8" custom="readingOrder {index:7;}">
                    <Coords points="2170,1714 2170,1774 2206,1774 2206,1714"/>
                    <TextEquiv>
                        <Unicode>an</Unicode>
                    </TextEquiv>
                </Word>
                <Word id="r_22_tl_29_w9" custom="readingOrder {index:8;}">
                    <Coords points="2243,1714 2243,1774 2297,1774 2297,1714"/>
                    <TextEquiv>
                        <Unicode>den</Unicode>
                    </TextEquiv>
                </Word>
                <TextEquiv>
                    <Unicode>aber an einen Graf Sapieha, die zweyte an den</Unicode>
                </TextEquiv>
            </TextLine>
            <TextLine id="r_22_tl_30" custom="readingOrder {index:29;}">
                <Coords points="1287,1791 2311,1817 2303,1760 1287,1759"/>
                <Baseline points="1295,1788 1340,1788 1385,1788 1430,1788 1474,1791 1519,1791 1564,1791 1609,1791 1653,1791 1698,1791 1743,1794 1788,1794 1833,1794 1877,1794 1922,1794 1967,1794 2012,1794 2057,1797 2101,1797 2146,1797 2191,1797 2236,1797 2280,1797 2313,1797"/>
                <Word id="r_22_tl_30_w1" custom="readingOrder {index:0;}">
                    <Coords points="1289,1748 1289,1808 1443,1808 1443,1748"/>
                    <TextEquiv>
                        <Unicode>General</Unicode>
                    </TextEquiv>
                </Word>
                <Word id="r_22_tl_30_w2" custom="readingOrder {index:1;}">
                    <Coords points="1461,1751 1461,1811 1495,1811 1495,1751"/>
                    <TextEquiv>
                        <Unicode>en</Unicode>
                    </TextEquiv>
                </Word>
                <Word id="r_22_tl_30_w3" custom="readingOrder {index:2;}">
                    <Coords points="1525,1751 1525,1811 1611,1811 1611,1751"/>
                    <TextEquiv>
                        <Unicode>Chef</Unicode>
                    </TextEquiv>
                </Word>
                <Word id="r_22_tl_30_w4" custom="readingOrder {index:3;}">
                    <Coords points="1629,1751 1629,1811 1684,1811 1684,1751"/>
                    <TextEquiv>
                        <Unicode>von</Unicode>
                    </TextEquiv>
                </Word>
                <Word id="r_22_tl_30_w5" custom="readingOrder {index:4;}">
                    <Coords points="1714,1754 1714,1814 1847,1814 1847,1754"/>
                    <TextEquiv>
                        <Unicode>Korf,</Unicode>
                    </TextEquiv>
                </Word>
                <Word id="r_22_tl_30_w6" custom="readingOrder {index:5;}">
                    <Coords points="1874,1754 1874,1814 1920,1814 1920,1754"/>
                    <TextEquiv>
                        <Unicode>die</Unicode>
                    </TextEquiv>
                </Word>
                <Word id="r_22_tl_30_w7" custom="readingOrder {index:6;}">
                    <Coords points="1942,1754 1942,1814 2036,1814 2036,1754"/>
                    <TextEquiv>
                        <Unicode>dritte</Unicode>
                    </TextEquiv>
                </Word>
                <Word id="r_22_tl_30_w8" custom="readingOrder {index:7;}">
                    <Coords points="2063,1757 2063,1817 2096,1817 2096,1757"/>
                    <TextEquiv>
                        <Unicode>an</Unicode>
                    </TextEquiv>
                </Word>
                <Word id="r_22_tl_30_w9" custom="readingOrder {index:8;}">
                    <Coords points="2123,1757 2123,1817 2174,1817 2174,1757"/>
                    <TextEquiv>
                        <Unicode>den</Unicode>
                    </TextEquiv>
                </Word>
                <Word id="r_22_tl_30_w10" custom="readingOrder {index:9;}">
                    <Coords points="2196,1757 2196,1817 2307,1817 2307,1757"/>
                    <TextEquiv>
                        <Unicode>Groß¬</Unicode>
                    </TextEquiv>
                </Word>
                <TextEquiv>
                    <Unicode>General en Chef von Korf, die dritte an den Groß¬</Unicode>
                </TextEquiv>
            </TextLine>
            <TextLine id="r_22_tl_31" custom="readingOrder {index:30;}">
                <Coords points="1282,1851 2313,1867 2313,1818 1281,1807"/>
                <Baseline points="1289,1833 1334,1836 1379,1836 1424,1833 1468,1836 1513,1839 1558,1839 1603,1839 1648,1839 1692,1839 1737,1839 1782,1842 1827,1842 1871,1845 1916,1845 1961,1845 2006,1845 2051,1845 2095,1848 2140,1848 2185,1848 2230,1848 2274,1848 2316,1848"/>
                <Word id="r_22_tl_31_w1" custom="readingOrder {index:0;}">
                    <Coords points="1287,1796 1287,1856 1416,1856 1416,1796"/>
                    <TextEquiv>
                        <Unicode>kanzler</Unicode>
                    </TextEquiv>
                </Word>
                <Word id="r_22_tl_31_w2" custom="readingOrder {index:1;}">
                    <Coords points="1438,1795 1438,1855 1492,1855 1492,1795"/>
                    <TextEquiv>
                        <Unicode>von</Unicode>
                    </TextEquiv>
                </Word>
                <Word id="r_22_tl_31_w3" custom="readingOrder {index:2;}">
                    <Coords points="1519,1799 1519,1859 1763,1859 1763,1799"/>
                    <TextEquiv>
                        <Unicode>Woronzow</Unicode>
                    </TextEquiv>
                </Word>
                <Word id="r_22_tl_31_w4" custom="readingOrder {index:3;}">
                    <Coords points="1802,1805 1802,1865 1969,1865 1969,1805"/>
                    <TextEquiv>
                        <Unicode>vermählt</Unicode>
                    </TextEquiv>
                </Word>
                <Word id="r_22_tl_31_w5" custom="readingOrder {index:4;}">
                    <Coords points="1992,1805 1992,1865 2137,1865 2137,1805"/>
                    <TextEquiv>
                        <Unicode>worden.</Unicode>
                    </TextEquiv>
                </Word>
                <Word id="r_22_tl_31_w6" custom="readingOrder {index:5;}">
                    <Coords points="2187,1808 2187,1868 2305,1868 2305,1808"/>
                    <TextEquiv>
                        <Unicode>Kostet</Unicode>
                    </TextEquiv>
                </Word>
                <TextEquiv>
                    <Unicode>kanzler von Woronzow vermählt worden. Kostet</Unicode>
                </TextEquiv>
            </TextLine>
            <TextLine id="r_22_tl_32" custom="readingOrder {index:31;}">
                <Coords points="1282,1905 2311,1934 2294,1861 1281,1851"/>
                <Baseline points="1289,1886 1334,1889 1379,1889 1424,1892 1468,1892 1513,1892 1558,1892 1603,1892 1648,1892 1692,1892 1737,1895 1782,1895 1827,1898 1871,1898 1916,1901 1961,1898 2006,1901 2051,1901 2095,1904 2140,1904 2185,1904 2230,1904 2274,1904 2313,1907"/>
                <Word id="r_22_tl_32_w1" custom="readingOrder {index:0;}">
                    <Coords points="1288,1846 1288,1906 1317,1906 1317,1846"/>
                    <TextEquiv>
                        <Unicode>in</Unicode>
                    </TextEquiv>
                </Word>
                <Word id="r_22_tl_32_w2" custom="readingOrder {index:1;}">
                    <Coords points="1348,1849 1348,1909 1400,1909 1400,1849"/>
                    <TextEquiv>
                        <Unicode>der</Unicode>
                    </TextEquiv>
                </Word>
                <Word id="r_22_tl_32_w3" custom="readingOrder {index:2;}">
                    <Coords points="1419,1852 1419,1912 1631,1912 1631,1852"/>
                    <TextEquiv>
                        <Unicode>Kanterschen</Unicode>
                    </TextEquiv>
                </Word>
                <Word id="r_22_tl_32_w4" custom="readingOrder {index:3;}">
                    <Coords points="1661,1855 1661,1915 1928,1915 1928,1855"/>
                    <TextEquiv>
                        <Unicode>Buchhandlung</Unicode>
                    </TextEquiv>
                </Word>
                <Word id="r_22_tl_32_w5" custom="readingOrder {index:4;}">
                    <Coords points="1964,1861 1964,1921 2100,1921 2100,1861"/>
                    <TextEquiv>
                        <Unicode>allhier,</Unicode>
                    </TextEquiv>
                </Word>
                <Word id="r_22_tl_32_w6" custom="readingOrder {index:5;}">
                    <Coords points="2136,1864 2136,1924 2195,1924 2195,1864"/>
                    <TextEquiv>
                        <Unicode>wie</Unicode>
                    </TextEquiv>
                </Word>
                <Word id="r_22_tl_32_w7" custom="readingOrder {index:6;}">
                    <Coords points="2225,1864 2225,1924 2295,1924 2295,1864"/>
                    <TextEquiv>
                        <Unicode>auch</Unicode>
                    </TextEquiv>
                </Word>
                <TextEquiv>
                    <Unicode>in der Kanterschen Buchhandlung allhier, wie auch</Unicode>
                </TextEquiv>
            </TextLine>
            <TextLine id="r_22_tl_33" custom="readingOrder {index:32;}">
                <Coords points="1282,1970 1476,1990 1612,1954 1815,1967 1825,1903 1766,1920 1608,1901 1481,1924 1367,1897 1281,1911"/>
                <Baseline points="1289,1946 1334,1946 1379,1946 1424,1946 1468,1946 1513,1946 1558,1949 1603,1946 1648,1949 1692,1949 1737,1949 1782,1949 1827,1955 1830,1955"/>
                <Word id="r_22_tl_33_w1" custom="readingOrder {index:0;}">
                    <Coords points="1289,1906 1289,1966 1314,1966 1314,1906"/>
                    <TextEquiv>
                        <Unicode>in</Unicode>
                    </TextEquiv>
                </Word>
                <Word id="r_22_tl_33_w2" custom="readingOrder {index:1;}">
                    <Coords points="1340,1906 1340,1966 1460,1966 1460,1906"/>
                    <TextEquiv>
                        <Unicode>Elbing</Unicode>
                    </TextEquiv>
                </Word>
                <Word id="r_22_tl_33_w3" custom="readingOrder {index:2;}">
                    <Coords points="1486,1906 1486,1966 1549,1966 1549,1906"/>
                    <TextEquiv>
                        <Unicode>und</Unicode>
                    </TextEquiv>
                </Word>
                <Word id="r_22_tl_33_w4" custom="readingOrder {index:3;}">
                    <Coords points="1575,1908 1575,1968 1695,1968 1695,1908"/>
                    <TextEquiv>
                        <Unicode>Mitau</Unicode>
                    </TextEquiv>
                </Word>
                <Word id="r_22_tl_33_w5" custom="readingOrder {index:4;}">
                    <Coords points="1727,1909 1727,1969 1745,1969 1745,1909"/>
                    <TextEquiv>
                        <Unicode>2</Unicode>
                    </TextEquiv>
                </Word>
                <Word id="r_22_tl_33_w6" custom="readingOrder {index:5;}">
                    <Coords points="1778,1910 1778,1970 1815,1970 1815,1910"/>
                    <TextEquiv>
                        <Unicode>fl.</Unicode>
                    </TextEquiv>
                </Word>
                <TextEquiv>
                    <Unicode>in Elbing und Mitau 2 fl.</Unicode>
                </TextEquiv>
            </TextLine>
            <TextLine id="r_22_tl_34" custom="readingOrder {index:33;}">
                <Coords points="1491,2074 2098,2081 2098,2014 2028,1999 1713,2016 1491,1994"/>
                <Baseline points="1498,2057 1543,2057 1588,2060 1633,2057 1677,2057 1722,2057 1767,2057 1812,2057 1857,2060 1901,2057 1946,2060 1991,2060 2036,2063 2080,2060 2101,2060"/>
                <Word id="r_22_tl_34_w1" custom="readingOrder {index:0;}">
                    <Coords points="1502,2017 1502,2077 1579,2077 1579,2017"/>
                    <TextEquiv>
                        <Unicode>Auf</Unicode>
                    </TextEquiv>
                </Word>
                <Word id="r_22_tl_34_w2" custom="readingOrder {index:1;}">
                    <Coords points="1623,2017 1623,2077 1714,2077 1714,2017"/>
                    <TextEquiv>
                        <Unicode>einen</Unicode>
                    </TextEquiv>
                </Word>
                <Word id="r_22_tl_34_w3" custom="readingOrder {index:2;}">
                    <Coords points="1758,2017 1758,2077 1878,2077 1878,2017"/>
                    <TextEquiv>
                        <Unicode>stolzen</Unicode>
                    </TextEquiv>
                </Word>
                <Word id="r_22_tl_34_w4" custom="readingOrder {index:3;}">
                    <Coords points="1922,2021 1922,2081 2092,2081 2092,2021"/>
                    <TextEquiv>
                        <Unicode>Thoren.</Unicode>
                    </TextEquiv>
                </Word>
                <TextEquiv>
                    <Unicode>Auf einen stolzen Thoren.</Unicode>
                </TextEquiv>
            </TextLine>
            <TextEquiv>
                <Unicode></Unicode>
            </TextEquiv>
        </TextRegion>
        <TextRegion id="r_46" custom="readingOrder {index:2;}">
            <Coords points="2391,2172 2391,2430 1272,2430 1272,2172"/>
            <TextLine id="r_46_tl_1" custom="readingOrder {index:0;}">
                <Coords points="1276,2240 2280,2259 2294,2169 1275,2186"/>
                <Baseline points="1283,2230 1328,2230 1373,2230 1418,2227 1462,2230 1507,2230 1552,2230 1597,2230 1642,2227 1686,2230 1731,2230 1776,2233 1821,2233 1865,2236 1910,2236 1955,2236 2000,2236 2045,2236 2089,2236 2134,2236 2179,2236 2224,2236 2269,2239 2298,2242"/>
                <Word id="r_46_tl_1_w1" custom="readingOrder {index:0;}">
                    <Coords points="1284,2190 1284,2250 1372,2250 1372,2190"/>
                    <TextEquiv>
                        <Unicode>Die</Unicode>
                    </TextEquiv>
                </Word>
                <Word id="r_46_tl_1_w2" custom="readingOrder {index:1;}">
                    <Coords points="1399,2190 1399,2250 1539,2250 1539,2190"/>
                    <TextEquiv>
                        <Unicode>Wolle,</Unicode>
                    </TextEquiv>
                </Word>
                <Word id="r_46_tl_1_w3" custom="readingOrder {index:2;}">
                    <Coords points="1579,2189 1579,2249 1629,2249 1629,2189"/>
                    <TextEquiv>
                        <Unicode>die</Unicode>
                    </TextEquiv>
                </Word>
                <Word id="r_46_tl_1_w4" custom="readingOrder {index:3;}">
                    <Coords points="1655,2188 1655,2248 1687,2248 1687,2188"/>
                    <TextEquiv>
                        <Unicode>du</Unicode>
                    </TextEquiv>
                </Word>
                <Word id="r_46_tl_1_w5" custom="readingOrder {index:4;}">
                    <Coords points="1727,2192 1727,2252 1802,2252 1802,2192"/>
                    <TextEquiv>
                        <Unicode>stolz</Unicode>
                    </TextEquiv>
                </Word>
                <Word id="r_46_tl_1_w6" custom="readingOrder {index:5;}">
                    <Coords points="1829,2194 1829,2254 1866,2254 1866,2194"/>
                    <TextEquiv>
                        <Unicode>an</Unicode>
                    </TextEquiv>
                </Word>
                <Word id="r_46_tl_1_w7" custom="readingOrder {index:6;}">
                    <Coords points="1900,2196 1900,2256 2008,2256 2008,2196"/>
                    <TextEquiv>
                        <Unicode>deinem</Unicode>
                    </TextEquiv>
                </Word>
                <Word id="r_46_tl_1_w8" custom="readingOrder {index:7;}">
                    <Coords points="2060,2196 2060,2256 2149,2256 2149,2196"/>
                    <TextEquiv>
                        <Unicode>Leibe</Unicode>
                    </TextEquiv>
                </Word>
                <Word id="r_46_tl_1_w9" custom="readingOrder {index:8;}">
                    <Coords points="2176,2196 2176,2256 2297,2256 2297,2196"/>
                    <TextEquiv>
                        <Unicode>trägst,</Unicode>
                    </TextEquiv>
                </Word>
                <TextEquiv>
                    <Unicode>Die Wolle, die du stolz an deinem Leibe trägst,</Unicode>
                </TextEquiv>
            </TextLine>
            <TextLine id="r_46_tl_2" custom="readingOrder {index:1;}">
                <Coords points="1285,2294 1379,2306 1593,2277 1780,2298 1780,2245 1748,2239 1630,2236 1586,2254 1451,2237 1370,2258 1285,2242"/>
                <Baseline points="1292,2280 1337,2280 1382,2280 1427,2280 1471,2280 1516,2277 1561,2277 1606,2277 1650,2277 1695,2277 1740,2280 1782,2280"/>
                <Word id="r_46_tl_2_w1" custom="readingOrder {index:0;}">
                    <Coords points="1286,2240 1286,2300 1371,2300 1371,2240"/>
                    <TextEquiv>
                        <Unicode>Trug</Unicode>
                    </TextEquiv>
                </Word>
                <Word id="r_46_tl_2_w2" custom="readingOrder {index:1;}">
                    <Coords points="1406,2240 1406,2300 1491,2300 1491,2240"/>
                    <TextEquiv>
                        <Unicode>sonst</Unicode>
                    </TextEquiv>
                </Word>
                <Word id="r_46_tl_2_w3" custom="readingOrder {index:2;}">
                    <Coords points="1520,2237 1520,2297 1565,2297 1565,2237"/>
                    <TextEquiv>
                        <Unicode>ein</Unicode>
                    </TextEquiv>
                </Word>
                <Word id="r_46_tl_2_w4" custom="readingOrder {index:3;}">
                    <Coords points="1606,2237 1606,2297 1771,2297 1771,2237"/>
                    <TextEquiv>
                        <Unicode>Schöps:</Unicode>
                    </TextEquiv>
                </Word>
                <TextEquiv>
                    <Unicode>Trug sonst ein Schöps:</Unicode>
                </TextEquiv>
            </TextLine>
            <TextLine id="r_46_tl_3" custom="readingOrder {index:2;}">
                <Coords points="1280,2339 2272,2360 2304,2357 2303,2304 1830,2268 1771,2300 1278,2294"/>
                <Baseline points="1286,2331 1331,2331 1376,2331 1421,2328 1465,2328 1510,2325 1555,2325 1600,2328 1645,2325 1689,2328 1734,2328 1779,2328 1824,2328 1868,2328 1913,2328 1958,2331 2003,2328 2048,2331 2092,2331 2137,2334 2182,2334 2227,2334 2271,2337 2307,2340"/>
                <Word id="r_46_tl_3_w1" custom="readingOrder {index:0;}">
                    <Coords points="1279,2291 1279,2351 1373,2351 1373,2291"/>
                    <TextEquiv>
                        <Unicode>Und,</Unicode>
                    </TextEquiv>
                </Word>
                <Word id="r_46_tl_3_w2" custom="readingOrder {index:1;}">
                    <Coords points="1396,2288 1396,2348 1469,2348 1469,2288"/>
                    <TextEquiv>
                        <Unicode>was</Unicode>
                    </TextEquiv>
                </Word>
                <Word id="r_46_tl_3_w3" custom="readingOrder {index:2;}">
                    <Coords points="1503,2285 1503,2345 1536,2345 1536,2285"/>
                    <TextEquiv>
                        <Unicode>du</Unicode>
                    </TextEquiv>
                </Word>
                <Word id="r_46_tl_3_w4" custom="readingOrder {index:3;}">
                    <Coords points="1577,2286 1577,2346 1666,2346 1666,2286"/>
                    <TextEquiv>
                        <Unicode>eitler</Unicode>
                    </TextEquiv>
                </Word>
                <Word id="r_46_tl_3_w5" custom="readingOrder {index:4;}">
                    <Coords points="1694,2288 1694,2348 1784,2348 1784,2288"/>
                    <TextEquiv>
                        <Unicode>Thor</Unicode>
                    </TextEquiv>
                </Word>
                <Word id="r_46_tl_3_w6" custom="readingOrder {index:5;}">
                    <Coords points="1813,2288 1813,2348 1885,2348 1885,2288"/>
                    <TextEquiv>
                        <Unicode>auch</Unicode>
                    </TextEquiv>
                </Word>
                <Word id="r_46_tl_3_w7" custom="readingOrder {index:6;}">
                    <Coords points="1914,2289 1914,2349 1964,2349 1964,2289"/>
                    <TextEquiv>
                        <Unicode>für</Unicode>
                    </TextEquiv>
                </Word>
                <Word id="r_46_tl_3_w8" custom="readingOrder {index:7;}">
                    <Coords points="1992,2291 1992,2351 2167,2351 2167,2291"/>
                    <TextEquiv>
                        <Unicode>Gedanken</Unicode>
                    </TextEquiv>
                </Word>
                <Word id="r_46_tl_3_w9" custom="readingOrder {index:8;}">
                    <Coords points="2201,2295 2201,2355 2301,2355 2301,2295"/>
                    <TextEquiv>
                        <Unicode>hegst,</Unicode>
                    </TextEquiv>
                </Word>
                <TextEquiv>
                    <Unicode>Und, was du eitler Thor auch für Gedanken hegst,</Unicode>
                </TextEquiv>
            </TextLine>
            <TextLine id="r_46_tl_4" custom="readingOrder {index:3;}">
                <Coords points="1282,2401 1521,2419 1568,2387 1611,2411 1922,2397 1922,2337 1737,2355 1692,2327 1603,2348 1282,2338"/>
                <Baseline points="1289,2382 1334,2382 1379,2382 1424,2379 1468,2379 1513,2379 1558,2379 1603,2379 1648,2376 1692,2379 1737,2379 1782,2382 1827,2382 1871,2382 1916,2382 1925,2382"/>
                <Word id="r_46_tl_4_w1" custom="readingOrder {index:0;}">
                    <Coords points="1278,2342 1278,2402 1365,2402 1365,2342"/>
                    <TextEquiv>
                        <Unicode>Noch</Unicode>
                    </TextEquiv>
                </Word>
                <Word id="r_46_tl_4_w2" custom="readingOrder {index:1;}">
                    <Coords points="1405,2339 1405,2399 1454,2399 1454,2339"/>
                    <TextEquiv>
                        <Unicode>itzt</Unicode>
                    </TextEquiv>
                </Word>
                <Word id="r_46_tl_4_w3" custom="readingOrder {index:2;}">
                    <Coords points="1480,2339 1480,2399 1569,2399 1569,2339"/>
                    <TextEquiv>
                        <Unicode>trägt</Unicode>
                    </TextEquiv>
                </Word>
                <Word id="r_46_tl_4_w4" custom="readingOrder {index:3;}">
                    <Coords points="1601,2337 1601,2397 1638,2397 1638,2337"/>
                    <TextEquiv>
                        <Unicode>sie</Unicode>
                    </TextEquiv>
                </Word>
                <Word id="r_46_tl_4_w5" custom="readingOrder {index:4;}">
                    <Coords points="1671,2339 1671,2399 1715,2399 1715,2339"/>
                    <TextEquiv>
                        <Unicode>ein</Unicode>
                    </TextEquiv>
                </Word>
                <Word id="r_46_tl_4_w6" custom="readingOrder {index:5;}">
                    <Coords points="1753,2342 1753,2402 1911,2402 1911,2342"/>
                    <TextEquiv>
                        <Unicode>Schöps.</Unicode>
                    </TextEquiv>
                </Word>
                <TextEquiv>
                    <Unicode>Noch itzt trägt sie ein Schöps.</Unicode>
                </TextEquiv>
            </TextLine>
            <TextEquiv>
                <Unicode></Unicode>
            </TextEquiv>
        </TextRegion>
        <TextRegion id="r_58" custom="readingOrder {index:3;}">
            <Coords points="2391,2430 2391,2545 1272,2545 1272,2430"/>
            <TextLine id="r_58_tl_1" custom="readingOrder {index:0;}">
                <Coords points="1684,2539 1700,2543 1718,2531 1742,2539 1763,2527 1781,2538 1808,2525 1860,2535 1874,2530 1874,2458 1813,2471 1789,2455 1762,2462 1749,2456 1702,2471 1684,2467"/>
                <Baseline points="1692,2516 1737,2516 1782,2516 1827,2516 1871,2516 1877,2516"/>
                <Word id="r_58_tl_1_w1" custom="readingOrder {index:0;}">
                    <Coords points="1689,2476 1689,2536 1866,2536 1866,2476"/>
                    <TextEquiv>
                        <Unicode>Fatill.</Unicode>
                    </TextEquiv>
                </Word>
                <TextEquiv>
                    <Unicode>Fatill.</Unicode>
                </TextEquiv>
            </TextLine>
            <TextEquiv>
                <Unicode></Unicode>
            </TextEquiv>
        </TextRegion>
        <TextRegion id="r_71" custom="readingOrder {index:4;}">
            <Coords points="2391,2610 2391,2924 1272,2924 1272,2610"/>
            <TextLine id="r_71_tl_1" custom="readingOrder {index:0;}">
                <Coords points="1300,2715 1607,2712 1665,2678 2289,2700 2289,2647 2251,2637 1300,2616"/>
                <Baseline points="1307,2683 1352,2681 1397,2681 1442,2678 1486,2678 1531,2675 1576,2675 1621,2675 1665,2675 1710,2675 1755,2675 1800,2678 1845,2678 1889,2678 1934,2678 1979,2675 2024,2675 2068,2678 2113,2681 2158,2681 2203,2683 2248,2683 2292,2681"/>
                <Word id="r_71_tl_1_w1" custom="readingOrder {index:0;}">
                    <Coords points="1304,2641 1304,2701 1422,2701 1422,2641"/>
                    <TextEquiv>
                        <Unicode>Fatill</Unicode>
                    </TextEquiv>
                </Word>
                <Word id="r_71_tl_1_w2" custom="readingOrder {index:1;}">
                    <Coords points="1445,2638 1445,2698 1493,2698 1493,2638"/>
                    <TextEquiv>
                        <Unicode>ein</Unicode>
                    </TextEquiv>
                </Word>
                <Word id="r_71_tl_1_w3" custom="readingOrder {index:2;}">
                    <Coords points="1522,2635 1522,2695 1669,2695 1669,2635"/>
                    <TextEquiv>
                        <Unicode>Rath?"</Unicode>
                    </TextEquiv>
                </Word>
                <Word id="r_71_tl_1_w4" custom="readingOrder {index:3;}">
                    <Coords points="1727,2635 1727,2695 1803,2695 1803,2635"/>
                    <TextEquiv>
                        <Unicode>Wie</Unicode>
                    </TextEquiv>
                </Word>
                <Word id="r_71_tl_1_w5" custom="readingOrder {index:4;}">
                    <Coords points="1832,2638 1832,2698 1930,2698 1930,2638"/>
                    <TextEquiv>
                        <Unicode>nun!</Unicode>
                    </TextEquiv>
                </Word>
                <Word id="r_71_tl_1_w6" custom="readingOrder {index:5;}">
                    <Coords points="1966,2636 1966,2696 2114,2696 2114,2636"/>
                    <TextEquiv>
                        <Unicode>Spricht</Unicode>
                    </TextEquiv>
                </Word>
                <Word id="r_71_tl_1_w7" custom="readingOrder {index:6;}">
                    <Coords points="2149,2641 2149,2701 2178,2701 2178,2641"/>
                    <TextEquiv>
                        <Unicode>er</Unicode>
                    </TextEquiv>
                </Word>
                <Word id="r_71_tl_1_w8" custom="readingOrder {index:7;}">
                    <Coords points="2220,2642 2220,2702 2283,2702 2283,2642"/>
                    <TextEquiv>
                        <Unicode>kein</Unicode>
                    </TextEquiv>
                </Word>
                <TextEquiv>
                    <Unicode>Fatill ein Rath?" Wie nun! Spricht er kein</Unicode>
                </TextEquiv>
            </TextLine>
            <TextLine id="r_71_tl_2" custom="readingOrder {index:1;}">
                <Coords points="1802,2730 1821,2739 1919,2733 1960,2748 1977,2736 2034,2745 2048,2733 2084,2735 2084,2691 2074,2688 2045,2695 2031,2684 2017,2692 2007,2682 1982,2691 1940,2683 1920,2696 1896,2682 1845,2699 1802,2687"/>
                <Baseline points="1809,2728 1854,2728 1898,2725 1943,2725 1988,2725 2033,2725 2077,2728 2086,2728"/>
                <Word id="r_71_tl_2_w1" custom="readingOrder {index:0;}">
                    <Coords points="1797,2686 1797,2746 1953,2746 1953,2686"/>
                    <TextEquiv>
                        <Unicode>deutlichs</Unicode>
                    </TextEquiv>
                </Word>
                <Word id="r_71_tl_2_w2" custom="readingOrder {index:1;}">
                    <Coords points="1988,2685 1988,2745 2063,2745 2063,2685"/>
                    <TextEquiv>
                        <Unicode>Ja?</Unicode>
                    </TextEquiv>
                </Word>
                <TextEquiv>
                    <Unicode>deutlichs Ja?</Unicode>
                </TextEquiv>
            </TextLine>
            <TextLine id="r_71_tl_3" custom="readingOrder {index:2;}">
                <Coords points="1282,2777 2121,2789 2121,2733 1476,2736 1282,2706"/>
                <Baseline points="1289,2773 1319,2770 1364,2773 1409,2776 1453,2776 1498,2773 1543,2773 1588,2770 1633,2773 1677,2773 1722,2773 1767,2776 1812,2776 1857,2776 1901,2776 1946,2773 1991,2776 2036,2776 2080,2776 2125,2764"/>
                <Word id="r_71_tl_3_w1" custom="readingOrder {index:0;}">
                    <Coords points="1284,2734 1284,2794 1493,2794 1493,2734"/>
                    <TextEquiv>
                        <Unicode>"Vielleicht!</Unicode>
                    </TextEquiv>
                </Word>
                <Word id="r_71_tl_3_w2" custom="readingOrder {index:1;}">
                    <Coords points="1524,2732 1524,2792 1589,2792 1589,2732"/>
                    <TextEquiv>
                        <Unicode>doch</Unicode>
                    </TextEquiv>
                </Word>
                <Word id="r_71_tl_3_w3" custom="readingOrder {index:2;}">
                    <Coords points="1626,2733 1626,2793 1751,2793 1751,2733"/>
                    <TextEquiv>
                        <Unicode>minder</Unicode>
                    </TextEquiv>
                </Word>
                <Word id="r_71_tl_3_w4" custom="readingOrder {index:3;}">
                    <Coords points="1782,2736 1782,2796 1847,2796 1847,2736"/>
                    <TextEquiv>
                        <Unicode>klug</Unicode>
                    </TextEquiv>
                </Word>
                <Word id="r_71_tl_3_w5" custom="readingOrder {index:4;}">
                    <Coords points="1884,2735 1884,2795 1932,2795 1932,2735"/>
                    <TextEquiv>
                        <Unicode>als</Unicode>
                    </TextEquiv>
                </Word>
                <Word id="r_71_tl_3_w6" custom="readingOrder {index:5;}">
                    <Coords points="1962,2736 1962,2796 2100,2796 2100,2736"/>
                    <TextEquiv>
                        <Unicode>dumm!</Unicode>
                    </TextEquiv>
                </Word>
                <TextEquiv>
                    <Unicode>"Vielleicht! doch minder klug als dumm!</Unicode>
                </TextEquiv>
            </TextLine>
            <TextLine id="r_71_tl_4" custom="readingOrder {index:3;}">
                <Coords points="1269,2829 2267,2839 2251,2786 1269,2785"/>
                <Baseline points="1277,2824 1322,2824 1367,2824 1412,2824 1456,2824 1501,2821 1546,2821 1591,2821 1636,2824 1680,2827 1725,2827 1770,2824 1815,2824 1859,2824 1904,2824 1949,2824 1994,2824 2039,2827 2083,2830 2128,2830 2173,2827 2218,2827 2263,2827 2269,2830"/>
                <Word id="r_71_tl_4_w1" custom="readingOrder {index:0;}">
                    <Coords points="1275,2784 1275,2844 1317,2844 1317,2784"/>
                    <TextEquiv>
                        <Unicode>Es</Unicode>
                    </TextEquiv>
                </Word>
                <Word id="r_71_tl_4_w2" custom="readingOrder {index:1;}">
                    <Coords points="1345,2784 1345,2844 1415,2844 1415,2784"/>
                    <TextEquiv>
                        <Unicode>sey:</Unicode>
                    </TextEquiv>
                </Word>
                <Word id="r_71_tl_4_w3" custom="readingOrder {index:2;}">
                    <Coords points="1442,2783 1442,2843 1479,2843 1479,2783"/>
                    <TextEquiv>
                        <Unicode>ist</Unicode>
                    </TextEquiv>
                </Word>
                <Word id="r_71_tl_4_w4" custom="readingOrder {index:3;}">
                    <Coords points="1507,2781 1507,2841 1599,2841 1599,2781"/>
                    <TextEquiv>
                        <Unicode>darum</Unicode>
                    </TextEquiv>
                </Word>
                <Word id="r_71_tl_4_w5" custom="readingOrder {index:4;}">
                    <Coords points="1643,2787 1643,2847 1734,2847 1734,2787"/>
                    <TextEquiv>
                        <Unicode>gleich</Unicode>
                    </TextEquiv>
                </Word>
                <Word id="r_71_tl_4_w6" custom="readingOrder {index:5;}">
                    <Coords points="1767,2784 1767,2844 1815,2844 1815,2784"/>
                    <TextEquiv>
                        <Unicode>der</Unicode>
                    </TextEquiv>
                </Word>
                <Word id="r_71_tl_4_w7" custom="readingOrder {index:6;}">
                    <Coords points="1837,2784 1837,2844 1912,2844 1912,2784"/>
                    <TextEquiv>
                        <Unicode>Fall</Unicode>
                    </TextEquiv>
                </Word>
                <Word id="r_71_tl_4_w8" custom="readingOrder {index:7;}">
                    <Coords points="1929,2784 1929,2844 1983,2844 1983,2784"/>
                    <TextEquiv>
                        <Unicode>des</Unicode>
                    </TextEquiv>
                </Word>
                <Word id="r_71_tl_4_w9" custom="readingOrder {index:8;}">
                    <Coords points="2011,2790 2011,2850 2156,2850 2156,2790"/>
                    <TextEquiv>
                        <Unicode>Staates</Unicode>
                    </TextEquiv>
                </Word>
                <Word id="r_71_tl_4_w10" custom="readingOrder {index:9;}">
                    <Coords points="2184,2787 2184,2847 2254,2847 2254,2787"/>
                    <TextEquiv>
                        <Unicode>da?</Unicode>
                    </TextEquiv>
                </Word>
                <TextEquiv>
                    <Unicode>Es sey: ist darum gleich der Fall des Staates da?</Unicode>
                </TextEquiv>
            </TextLine>
            <TextLine id="r_71_tl_5" custom="readingOrder {index:4;}">
                <Coords points="1276,2913 1409,2913 1491,2880 2062,2895 2062,2842 1994,2830 1276,2831"/>
                <Baseline points="1283,2878 1328,2878 1373,2875 1418,2875 1462,2875 1507,2875 1552,2875 1597,2875 1642,2878 1686,2878 1731,2878 1776,2878 1821,2878 1865,2878 1910,2878 1955,2875 2000,2875 2045,2878 2065,2878"/>
                <Word id="r_71_tl_5_w1" custom="readingOrder {index:0;}">
                    <Coords points="1277,2835 1277,2895 1442,2895 1442,2835"/>
                    <TextEquiv>
                        <Unicode>Erhielten</Unicode>
                    </TextEquiv>
                </Word>
                <Word id="r_71_tl_5_w2" custom="readingOrder {index:1;}">
                    <Coords points="1479,2835 1479,2895 1590,2895 1590,2835"/>
                    <TextEquiv>
                        <Unicode>Gänse</Unicode>
                    </TextEquiv>
                </Word>
                <Word id="r_71_tl_5_w3" custom="readingOrder {index:2;}">
                    <Coords points="1626,2838 1626,2898 1691,2898 1691,2838"/>
                    <TextEquiv>
                        <Unicode>doch</Unicode>
                    </TextEquiv>
                </Word>
                <Word id="r_71_tl_5_w4" custom="readingOrder {index:3;}">
                    <Coords points="1728,2838 1728,2898 1780,2898 1780,2838"/>
                    <TextEquiv>
                        <Unicode>das</Unicode>
                    </TextEquiv>
                </Word>
                <Word id="r_71_tl_5_w5" custom="readingOrder {index:4;}">
                    <Coords points="1816,2836 1816,2896 2046,2896 2046,2836"/>
                    <TextEquiv>
                        <Unicode>Capitolium!</Unicode>
                    </TextEquiv>
                </Word>
                <TextEquiv>
                    <Unicode>Erhielten Gänse doch das Capitolium!</Unicode>
                </TextEquiv>
            </TextLine>
            <TextEquiv>
                <Unicode></Unicode>
            </TextEquiv>
        </TextRegion>
    </Page>
</PcGts>
