2034 2755
168 161 1039 256 gingen Ihro Durchl. die Fürstin Lubomirska Woy¬
170 239 1039 293 woden von Lublin mit Bewilligung Sr. Maj. das
170 275 1041 346 Namensfest Sr. Königl. Hoheit des Prinzen Carls
172 321 1046 381 mit einen prächtigen Ball, auf welchen sich alle hier
183 364 1033 417 befindliche Herrschaften und zwar in Dominomasker
176 404 1041 458 befunden haben, doch war dabey kein Curländisches
183 450 1039 506 Wapen zu sehen, weil solches ausdrücklich verboten
172 490 1041 534 worden. Es werden hier stündlich erwartet Sr. Erl.
187 531 1035 585 der Erbprinz von Curland, und Ihro Erl. die Grä
187 572 1041 637 fin Branscha Castellanin von Cracau Gemahlin, des
179 615 1041 663 Hrn. Krongroßfeldherrn, welcher schlüssig geworden,
179 658 1048 708 wegen des üblen Weges schon nicht auf die Königl.
179 701 1041 753 Krönung anhero zu kommen. Es haben übrigens
189 742 1048 800 sowohl Sr. Päbstl. Heiligkeit als auch die Könige
185 785 1046 833 von Engelland und Dännemark Sr. Maj. vor den
185 824 1048 878 rechtmäßigen Pohlnischen Monarchen durch Briefe
189 867 1041 921 erkannt. Es wird hier gesprochen, daß Frankreich
187 910 1046 970 von Sr. Maj. folgende Bedingungen verlanget:
194 951 1041 1000 1) daß Sr. Königl. Maj. dem Prinz Xaver die Zipzen
194 996 1041 1039 Starostey auf Lebenslang geben möchten; 2) Sr.
185 1028 1048 1095 Königl. Hoheit dem Prinz Carl eine Pension von
187 1073 1039 1127 Curland ausgewirket werden möge; 3) daß Sr. Maj
196 1119 1048 1177 sich in keine Allianz wider dem Wiener und Französi¬
198 1164 1050 1220 schen Hof einlaßen möge, und 4) daß alle zuwider
189 1203 1041 1263 gewesene pohlnische Herren in ihre vorige Würde und
202 1243 1041 1295 Güter gesetzet werden möchten. Es sind etliche Cur
187 1286 1050 1340 länder hierangelanget, um in hiesigem Conföderations¬
194 1329 1052 1381 gerichte die Sache des Hrn. von Heyking zu verthei¬
189 1370 1048 1424 digen, und als dieselben ein Memorial Sr. Maj.
194 1403 1048 1452 übergeben wollen, ist solches nicht acceptiret worden,
194 1456 1919 1506 worauf sie sich zu Sr. Durchl. dem Fürsten Czarto= Hospital manche Krüppel denen man nicht geschwin¬
189 1489 1048 1536 riski, Großkanzler von Lithauen gewandt, mit Bitte,
200 1527 1039 1590 solches Sr. Majestät einzuhändigen. Sobald
189 1568 1050 1628 solches Sr. Durchl. gelesen hatten, sollen sie gespro¬
189 1616 1048 1676 chen haben, dieses Libel ist ärger, als das neuliche
187 1661 1058 1708 so zum Feur verurtheilet worden. Außer denen 10000
200 1697 1054 1760 Mann in hiesiger Gegend sich befindliche Russ. Trup=
196 1747 1747 1805 pen werden noch mehr aus Reußen und Volhynien nostichon in ihre Jahrbücher einzeichnen;
194 1781 1054 1833 auf die Krönung zur Sicherheit kommen. Die Ge¬
194 1820 1054 1880 neralconföderation von Pohlen und Lithauen soll 2
187 1863 1056 1936 Jahr lang dauren, um allen etwanigen Unruhen im
194 1904 1056 1960 Lande vorzubeugen. Der Hr. Alexandrowitz, be¬
202 1945 1061 2007 stimmter Resident vom hiesigen Hofe an die Otto=
183 1988 1048 2037 mannische Pforte, hat kürzlich den Befehl erhalten
189 2029 1048 2080 um von der pohlnischen Gränze nach Constantinope
202 2074 1061 2125 aufzubrechen, um den bisherigen Residenten, den
194 2121 955 2175 Hrn. Obristen von Stankiewitz abzulösen.
194 2156 1063 2205 Fürst von Radziwil, gewesener Woywod von Wilda
209 2196 1061 2257 soll sich in Wien befinden, und von der Kayserin ein
200 2237 1054 2300 Palais zur Bewohnung bekommen haben. Der be¬
196 2280 1054 2336 rühmte Riese Bernard Gilli aus Trident ist seit kur¬
200 2323 1039 2386 zem hier, und ist am 28sten vorigen Wonats Si
196 2371 830 2433 Maj. dem Könige vorgestellet worden.
364 2412 916 2465 Königsberg, den 18. Nov.
230 2424 1061 2526 Nach einer genau angestellten Untersuchung befin¬
1058 163 1917 250 der sich unser im letzten Brande dieser Stadt erlitte¬
1056 243 1917 293 ne Schade folgendermaßen beträchtlich. Es liegen
1058 275 1917 331 4 Kirchen gänzlich in der Asche nämlich, die Löbnicht=
1063 325 1923 374 sche, deren Thurm besonders vorzügliche Schönhei¬
1065 364 1919 413 ten hatte, die Sackheimische, die Römischkatholi¬
1063 409 1923 458 sche, deren innre Ausschmückung besonders wegen
1063 445 1921 497 der vortreflichen Gemälde und zierlichen Ältäre zu
1063 490 1917 540 bedauren, und die Löbn. Hospitalkirche, in welcher alle
1063 531 1919 581 Preußische Regenten vom Markgraf Albrecht, als
1063 572 1919 643 dem Stifter derselben an, bis auf des hochseel. Kö¬
1063 622 1923 665 nigs Maj. in Lebensgröße abgemalet waren. Das
1063 660 1923 708 Löbenichtsche Rathhaus und Marktwage, 8 Königl.
1065 703 1912 749 Speicher, eine öffentliche Flachswaage, der Herings
1073 742 1917 794 hof, zween öffentliche Weinräume, der Löbnichtsche
1069 787 1930 837 Stadthof, der Sackheimsche Rathskrug, nebst de¬
1069 830 1917 882 nen darin gewesenen Casernen, die Königliche Holz¬
1063 873 1917 923 kámmerey, das Königl. Hospital nebst allen seinen
1071 912 1919 964 Wohnungen sind gänzlich verbrannt. 39 Mälzen¬
1071 953 1917 1002 bräuerhäuser im Löbenicht, 321 Bürgerhäuser, 41
1069 996 1917 1046 Privatspeicher sind jetzo lauter Brandstäten. Auf
1071 1041 1919 1089 der Löbnichtschen Bürgerholzwiese ist alles Holz ver¬
1069 1080 1919 1127 brandt, und im Königl. Holzgarten ist der größte
1069 1125 1919 1168 Theil eingeäschert, welches man zusammen auf 2000
1071 1162 1923 1211 Achtel schätzt; (das Achtel ist 8 Fuß hoch, und
1073 1205 1917 1258 9 Fuß breit.) Die Königl. Gebäude und Kir
1071 1250 1925 1295 chen ungerechnet beträgt der Schade, weil der wahre
1071 1291 1919 1336 Werth der Häuser und der verloren gegangnen Meu¬
1069 1332 1925 1385 bles noch nicht bestimmet werden können, etliche Mil¬
1071 1372 1919 1418 lionen. Es sind hiebey viele Menschen elendiglich zu
1069 1413 1919 1467 tode gekommen, und insonderheit im Königl. großen
1073 1493 1925 1540 de gnug zu Hülfe kommen können, mitten in der Kir¬
1067 1532 1919 1588 che, wohin sie sich zuletzt retten wollen, jämmerlich
1073 1583 1932 1631 verbrannt. Da niemand wuste, wohin er mit seinen
1078 1624 1925 1667 Sachen flüchten solte, so ist auch dadurch ein großer
1078 1667 1919 1712 Schaden verursachet worden. Unsre Stadt kan die
1073 1702 1925 1760 sen merkwürdigen Unglückstag durch folgendes Chro=
1127 1792 1859 1876 Dlesen ellften NoVeMber fVerChtete sICh
1342 1837 1656 1915 ganz Könlgsberg.
1332 1945 1669 2005 AVERTISSEMENT.
1110 1986 1925 2046 Diejenige so aus christlichen Erbarmen einige Ho¬
1080 2035 1919 2085 spitaliten in ihre Häuser eingenommen, und noch bey
1084 2078 1932 2128 sich haben, werden hiedurch angewiesen hievon E.
968 2117 1930 2171 Der Hospital=Collegio im Löbenicht auf dem Berge Nro.
1073 2164 1923 2209 147 und 148 eine Anzeige zu thun, damit wir im
1078 2211 1919 2250 Stande seyn, so wohl die wahre Anzahl derer aus
1078 2246 1925 2291 dem Feuer geretteten Hospitaliten auszumitteln, als
1080 2291 1923 2345 auch vor eines jeden Pflege besondere Sorge zu tragen.
1196 2332 1796 2388 Königl. Preuß. Armen=Collegium.
1069 2362 1928 2429 Diese Gelehrte und Politische Zeitung wird des Montags
1155 2420 1841 2487 und Freytags in dem Kanterschen Buchladen
1398 2459 1596 2521 ausgegeben.
