2034 2755
198 180 1071 264 entgegensetzen, wann gleich nicht ihr Uebel zu heben,
196 257 1069 315 dennoch wenigstens es zu mildern. Da aber bey denen
196 297 1065 345 von der zweyten Art, den Wahnsinnigen und Wahn¬
196 337 1065 383 witzigen, der Verstand selbst angegriffen ist, so ist es
196 381 1069 427 nicht allein thörigt mit ihnen zu vernünfteln, (weil
211 418 1063 473 sie nicht wahnsinnig seyn würden, wenn sie diese Ver¬
202 462 1060 508 nunftgründe fassen könten,) sondern es ist auch höchst
202 504 1065 552 schadlich. Denn man giebt ihrem verkehrten Kopfe
196 548 1065 592 nur dadurch neuen Stof Ungereimtheiten auszuhek¬
196 583 1069 640 ken; der Wiederspruch bessert sie nicht, sondern erhitzt
207 631 1074 682 sie, und es ist durchaus nöthig in dem Umgange ge¬
196 671 1063 728 gen sie ein kaltsinniges und gütiges Wesen anzuneh¬
196 715 1069 774 men, gleich als wenn man gar nicht bemerkte, daß
198 750 695 821 ihrem Verstande etwas fehle.
235 761 1058 847 Ich habe die Gebrechen der Erkentnißkraft Krank
194 829 1065 882 heiten des Kopfes genannt, so wie man das
194 880 1060 926 Verderben des Willens eine Krankheit des
198 920 1060 968 Herzens nennet. Ich habe auch nur auf die Er¬
202 964 1071 1021 scheinungen derselben im Gemüthe acht gehabt, ohne
196 1003 1069 1049 die Wurzel derselben ausspähen zu wollen, die eigent¬
196 1045 1065 1098 lich wohl im Körper liegt und zwar ihren Hauptsitz
198 1091 1060 1131 mehr in den Verdauungstheilen, als im Gehirne ha¬
196 1131 1065 1181 ben mag, wie die beliebte Wochenschrift, die unter
196 1170 1956 1223 dem Nahmen des Artztes allgemein bekannt ist, es aufgezeichnet. Aus dem englischen 1763. S. 330.
194 1219 1958 1272 im 150. 151. 152ten Stücke warscheinlich darthut. in 8. Das Geständniß begangener Thorheiten ist
194 1258 1060 1307 Ich kan mich so gar auf keinerley Weise überreden:
191 1307 1065 1351 daß die Stohrung des Gemuths, wie man gemeinig¬
189 1340 1069 1384 lich glaubt, aus Hochmuth, Liebe, aus gar zu star¬
196 1379 1071 1421 kem Nachsinnen und wer weiß was vor einem Mis¬
202 1417 1065 1459 brauch der Seelenkräfte entspringen solle. Dieses
198 1445 1060 1503 Urtheil, welches dem Kranken aus seinem Unglücke
196 1498 1956 1558 einen Grund zu spöttischen Vorwürfen macht, ist sehr Der Held seines Romans kündigt sich als einen Ge¬
189 1536 1060 1591 lieblos und wird durch einen gemeinen Irrthum ver¬
189 1582 1067 1628 anlaßet, nach welchem man Ursache und Wirkung zu
187 1626 1065 1672 verwechseln pflegt. Wenn man nur ein wenig auf
194 1670 1060 1720 die Beyspiele acht hat, so wird man gewahr: daß
205 1707 1063 1760 zuerst der Körper leide, daß im Anfange, da der Keim
189 1753 1060 1802 der Krankheit sich unvermerkt entwickelt, eine zwey¬
189 1793 1067 1841 deutige Verkehrtheit gespühret wird, die noch keine
194 1835 1056 1877 Vermuthung einer Stöhrung des Gemüths giebt,
185 1870 1063 1918 und die sich in wunderlichen Liebesgrillen, oder einem
185 1916 1065 1967 aufgeblasenen Wesen, oder in vergeblichem tiefsinni¬
198 1956 1065 2006 gem Grublen äußert. Mit der Zeit bricht die Krank¬
189 2000 1060 2053 heit aus, und giebt Anlaß ihren Grund in dem nachst¬
194 2046 1056 2088 vorhergehenden Zustande des Gemüths zu setzen.
198 2083 1065 2134 Man sollte aber vielmehr sagen der Mensch sey hoch=
189 2125 1060 2169 müthig geworden, weil er schon in einigem Grade
198 2165 1065 2215 gestöhrt war, als, er sey gestöhrt worden, weil er so
196 2200 1054 2266 hochmuthig gewesen ist. Diese traurige Uebel, wenn
205 2246 1065 2299 sie nur nicht erblich sind, laßen noch eine glückliche
196 2290 1074 2334 Genesung hoffen, und derjenige, deßen Beystand man
198 2332 1065 2385 hievey vornemlich zu suchen hat, ist der Artzt. Doch
189 2376 1063 2444 möchte ich ehrenhalber den Philosophen nicht gerne
1087 187 1956 279 ausschließen, welcher die Diät des Gemüths verord¬
1087 266 1949 312 nen könnte; nur unter dem Beding, daß er hievor,
1087 308 1956 354 wie fur seine mehreske andere Beschäftigung, keine
1098 345 1958 394 Bezahlung fordere. Zur Erkenntlichkeit wurde der
1087 385 1956 433 Artzt seinen Beystand dem Philosophen auch nicht
1085 422 1956 477 versagen, wenn dieser bisweilen die große, aber im¬
1089 473 1956 521 mer vergebliche Cur der Narrheit versuchete. Er
1089 510 1956 568 würde z. E. in der Tobsucht eines gelehrten
1087 554 1956 612 Schreyers in Betrachtung ziehen: ob nicht cathar¬
1089 592 1958 640 ctische Mittel in verstarkter Dose genommen, dage¬
1087 638 1956 684 gen etwas verfangen solten. Denn da nach den Be¬
1089 673 1951 730 obachtungen des Swifts ein schlecht Gedicht blos
1082 724 1956 772 eine Reinigung des Gehirns ist, durch welches viele
1089 761 1958 810 schädliche Feuchtigkeiten, zur Erleichterung des kran¬
1082 803 1951 851 ken Poeten, abgezogen werden, warum solte eine
1089 849 1956 898 elende grüblerische Schrift nicht auch dergleichen seyn?
1089 884 1949 933 In diesem Falle aber wåre es rathsam, der Natur
1080 931 1951 979 einen andern Weg der Reinigung anzuweisen, damit
1082 968 1956 1019 das Uebel gründlich und in aller Stille abgeführet
1087 1010 1956 1082 werde, ohne das gemeine Wesen dadurch zu beunru¬
1091 1049 1206 1111 higen.
1267 1063 1778 1151 Frankfurt und Leipzig.
1120 1104 1951 1190 Die Geschichte eines jungen Herrn, von ihm selbst
1080 1256 1958 1316 über die Schwachheit sie zu vertheidigen so erhaben,
1082 1305 1949 1349 und die Ohrenbeichte und die Kirchenbuße hat ein so
1087 1349 1956 1404 feines und edles Vergnügen zum Hinterhalt, daß der
1082 1384 1956 1432 Verfaßer sich wundert, warum so wenige junge Her¬
1087 1426 1956 1485 ren fahig sind dieser unerkannten Wollust eine armse¬
1089 1463 1954 1520 lige, unverständige, falsche Eigenliebe aufzuopfern.
1087 1551 1949 1595 cken von sehr seltnen und guten Eigenschaften an.
1085 1586 1954 1639 Weil ihn einige Versuche bey einer alten Muhme und
1087 1635 1951 1687 mehreren Personen geglückt haben, so vermacht er das
1087 1676 1949 1729 Geheimniß dieser Erfahrungen mit vieler Freygebig¬
1089 1716 1958 1764 keit seinen Muthsfreunden, die nicht unterlaßen wer¬
1087 1756 1943 1806 den ihn zu lesen, zu übersetzen und nachzuahmen
1080 1797 1951 1850 Das Geheimniß selbst besteht in der Herzhaftigkeit
1089 1844 1951 1890 einer übermüthigen und trotzigen Mine, womit man
1089 1879 1951 1929 die lächerlichen Seiten und lasterhaftesten Ausschwei=
1089 1916 1947 1976 fungen seines Charakters nicht nur sehen läßt, son¬
1087 1969 1949 2015 dern gar auskramt. Am Anfange und beym Ende
1087 1998 1949 2057 dieser Erzahlung, die in 3 Bücher getheilt ist, erscheint
1089 2039 1949 2097 die liebenswerthe und unergründliche Hälfte des
1085 2090 1949 2149 menschlichen Geschlechts in der Gestalt eines unschul¬
1087 2130 1954 2178 digen Engels, durch deßen Verschwindung aber der
1091 2167 1951 2224 junge Herr viel Zeit gewinnt die saubersten Gemälde
1087 2215 1951 2277 des durch Kitzel in Irrthümer verführten Fleisches zu
1087 2257 1943 2314 vollenden. Unter allen Blendwerken eines schim¬
1087 2292 1943 2347 mernden Witzes, ist keiner gefährlich und wahrschein
1093 2332 1940 2396 lich gnug, gewißenhafte und schamhafte Leser an der
1089 2378 1949 2453 Erkenntnis dieser Warheit zu hindern; " daß der
1852 2427 1949 2477 "mo=
