2479 3508
198 351 236 411 es
269 352 332 412 uns
358 348 447 408 nicht
473 344 550 404 übel
576 336 684 396 deuten
717 330 870 390 werden,
903 330 991 390 wenn
1024 330 1087 390 wir
1107 330 1196 390 ihnen

192 401 249 461 das
282 399 410 459 Urtheil
437 391 507 451 über
533 386 610 446 diese
636 380 900 440 Betrachtungen
926 380 958 440 zu
984 380 1080 440 fällen
1120 377 1209 437 selbst

190 449 212 509 in
247 451 292 511 die
316 445 435 505 Hände
459 435 590 495 spielen.
643 430 779 490 Sollten
815 431 848 491 sie
872 430 940 490 auch
975 431 1037 491 nur
1067 430 1123 490 auf
1153 431 1198 491 ein

186 492 488 552 Viertelstündchen
533 482 595 542 aus
635 480 684 540 dem
735 481 886 541 Sturm
943 480 1004 540 und
1033 479 1195 539 Wellen

192 550 245 610 der
264 540 507 600 angefangenen
531 533 888 593 Winterlustbarkeiten
930 533 1144 593 kommen;
1168 531 1197 591 so

1237 329 1350 389 würde
1381 327 1434 387 das
1471 330 1638 390 Schicksal
1669 330 1722 390 des
1753 330 1860 390 Herrn
1896 330 1950 390 M.
1975 332 2016 392 C.
2040 333 2081 393 C.
2101 335 2172 395 St.
2202 341 2255 401 für

1246 377 1294 437 ihn
1327 377 1479 437 vielleicht
1501 377 1751 437 vortheilhafter
1778 380 1963 440 entschieden
1996 381 2082 441 seyn,
2110 383 2159 443 als
2181 387 2251 447 man

1240 428 1271 488 es
1304 428 1393 488 hätte
1425 428 1536 488 denken
1574 428 1684 488 sollen.
1749 428 1865 488 Kostet
1892 428 1918 488 in
1955 431 2002 491 der
2035 433 2246 493 Kanterschen

1247 479 1511 539 Buchhandlung
1535 479 1673 539 allhier,
1702 479 1759 539 wie
1783 480 1852 540 auch
1887 479 1909 539 in
1939 480 2059 540 Elbing
2095 485 2152 545 und
2181 486 2256 546 Mi¬

1234 530 1285 590 tau
1327 531 1367 591 24
1397 533 1455 593 gr.

436 693 629 753 Berlin,
663 695 721 755 den
754 694 818 754 18.
845 697 967 757 Octob.

249 746 320 806 Aus
348 742 535 802 Hervorden
564 742 596 802 ist
619 742 668 802 die
685 743 867 803 Nachricht
890 745 1127 805 eingegangen,
1144 742 1199 802 daß

195 798 331 858 daselbst
349 792 438 852 Ihro
463 789 670 849 Hochfürstl.
689 791 837 851 Durchl.
855 793 902 853 die
921 792 1021 852 dasige
1046 792 1199 852 Aebtissin

187 848 249 908 und
278 843 432 903 Probstin
462 840 490 900 zu
519 838 782 898 Qvedlinburg,
805 843 948 903 Hedwig
978 839 1114 899 Sophia
1143 840 1211 900 Au=

191 896 275 956 gusta
306 891 360 951 von
391 889 737 949 Hollstein=Gottorp
774 891 798 951 im
847 894 956 954 60sten
987 891 1083 951 Jahr
1109 891 1205 951 Dero

191 947 301 1007 Alters
326 942 387 1002 mit
412 939 503 999 Tode
529 939 755 999 abgegangen.

459 1001 614 1061 Wien,
644 1001 697 1061 vom
752 1001 817 1061 26.
841 1000 954 1060 Sept.

241 1052 314 1112 Von
348 1055 399 1115 den
439 1055 723 1115 Oesterreichschen
758 1052 978 1112 Landständen
1019 1049 1098 1109 wird
1133 1048 1194 1108 kein

196 1109 285 1169 Geld
306 1109 396 1169 mehr
428 1105 480 1165 für
507 1105 555 1165 die
587 1103 745 1163 Recruten
782 1101 1046 1161 angenommen,
1068 1100 1194 1160 sondern

194 1160 227 1220 es
255 1160 337 1220 sollen
371 1158 415 1218 die
438 1154 703 1214 ausgeschriebne
726 1151 841 1211 40000
875 1154 980 1214 Mann
1008 1151 1068 1211 alle
1086 1151 1113 1211 in
1135 1150 1207 1210 Na¬

187 1210 256 1270 tura
286 1205 432 1265 gestellet
450 1198 601 1258 werden.

449 1258 688 1318 Dresden,
712 1255 764 1315 den
800 1255 840 1315 4.
864 1258 945 1318 Oct.

236 1312 282 1372 Zu
312 1303 516 1363 Schweinitz
534 1303 563 1363 im
604 1303 796 1363 Churcreise
826 1303 884 1363 hat
914 1303 966 1363 sich
1002 1303 1118 1363 neulich
1154 1303 1211 1363 be¬

189 1361 305 1421 geben,
334 1356 388 1416 daß
417 1351 500 1411 einer
534 1351 690 1411 Namens
729 1351 868 1411 Johann
907 1348 1018 1408 Georg
1058 1348 1202 1408 Helwig,

189 1456 237 1516 che
259 1453 410 1513 Mutter,
432 1446 480 1506 die
508 1446 578 1506 eben
605 1446 659 1506 zur
686 1444 799 1504 Thüre
822 1444 1108 1504 hineingetreten,
1141 1443 1189 1503 als
1233 1443 1465 1503 Widerstande
1492 1446 1513 1506 in
1546 1446 1589 1506 die
1617 1446 1724 1506 Flucht
1747 1446 1908 1506 gebracht,
1936 1446 2006 1506 auch
2033 1444 2103 1504 eine
2131 1443 2249 1503 dersel¬

186 1507 236 1567 ihm
287 1502 342 1562 das
376 1497 526 1557 Gewehr
554 1494 772 1554 losgegangen
811 1494 872 1554 ist,
906 1494 995 1554 durch
1040 1491 1089 1551 die
1118 1491 1201 1551 linke

190 1552 297 1612 Brust
321 1548 371 1608 ins
395 1548 485 1608 Herz
509 1544 673 1604 geschossen
709 1543 782 1603 hat,
805 1544 827 1604 so
857 1542 907 1602 daß
942 1543 976 1603 sie
1005 1542 1124 1602 sogleich
1153 1539 1203 1599 ge¬

194 1602 315 1662 storben
344 1601 395 1661 ist.
443 1597 517 1657 Der
547 1596 673 1656 Thäter
697 1593 732 1653 ist
761 1593 853 1653 gleich
882 1593 1004 1653 darauf
1033 1590 1206 1650 ausgetre¬

190 1653 277 1713 ten.

360 1694 697 1754 Zweybrücken,
735 1694 790 1754 den
828 1693 891 1753 20.
916 1691 1034 1751 Sept.

230 1748 364 1808 Gestern
399 1749 527 1809 wurden
562 1748 617 1808 wir
641 1748 730 1808 durch
758 1748 808 1808 den
842 1747 1022 1807 Todesfall
1051 1742 1106 1802 des
1140 1742 1185 1802 Kö

191 1805 277 1865 nigl.
296 1801 520 1861 französischen
552 1799 731 1859 Marechal
756 1799 793 1859 de
818 1799 948 1859 Camp,
986 1796 1098 1856 unsers
1123 1796 1190 1856 wür

190 1848 286 1908 digen
322 1840 493 1900 Generals
525 1840 577 1900 des
613 1840 792 1900 Freyherrn
828 1837 885 1897 von
921 1837 1053 1897 Closen,
1080 1837 1105 1897 in
1137 1837 1202 1897 eine

182 1893 273 1953 nicht
298 1888 429 1948 geringe
458 1882 671 1942 Bestürzung
706 1879 865 1939 versetzet.
919 1876 1035 1936 Seine
1060 1876 1204 1936 ausneh¬

185 1940 299 2000 mende
330 1933 527 1993 Verdienste
564 1927 626 1987 und
663 1926 839 1986 besonders
876 1923 906 1983 in
948 1923 1000 1983 dem
1052 1924 1192 1984 letzteren

186 1992 306 2052 Kriege
325 1981 500 2041 bewiesene
526 1975 744 2035 Erfahrung,
769 1977 866 2037 stiften
897 1975 994 2035 seiner
1031 1972 1127 2032 Asche
1152 1975 1194 2035 ein

183 2035 467 2095 unverwesliches
494 2025 689 2085 Andenken.

413 2085 705 2145 Amsterdam,
729 2088 780 2148 den
815 2088 854 2148 5.
884 2085 964 2145 Oct.

232 2149 322 2209 Hier
347 2144 382 2204 ist
407 2137 625 2197 gegenwärtig
650 2136 721 2196 eine
740 2136 1037 2196 außerordentliche
1062 2136 1200 2196 Selten¬

183 2202 249 2262 heit
268 2199 298 2259 zu
323 2194 432 2254 sehen.
482 2185 555 2245 Sie
574 2184 695 2244 besteht
715 2185 744 2245 in
776 2187 861 2247 einem
898 2187 1013 2247 großen
1045 2186 1203 2246 afrikani¬

188 2251 273 2311 schen
299 2242 422 2302 Hahn,
447 2235 503 2295 der
528 2234 589 2294 auf
615 2234 663 2294 den
701 2234 812 2294 Kopfe
837 2234 849 2294 2
880 2237 1028 2297 krumme
1053 2234 1201 2294 Hörner,

188 2305 235 2365 als
263 2295 392 2355 Hörner
420 2288 501 2348 eines
529 2282 632 2342 Bocks
660 2282 673 2342 4
701 2283 747 2343 bis
776 2282 789 2342 5
817 2285 891 2345 Zoll
906 2288 980 2348 lang
1009 2288 1083 2348 hat,
1132 2284 1192 2344 und

188 2352 224 2412 an
256 2348 305 2408 den
330 2342 459 2402 Beinen
484 2336 539 2396 hat
565 2333 589 2393 er
614 2330 775 2390 Sporne,
800 2334 849 2394 die
874 2336 941 2396 eben
967 2336 991 2396 so
1016 2336 1090 2396 lang
1115 2333 1195 2393 sind.

171 2399 253 2459 Der
277 2390 594 2450 Großbritannische
619 2378 689 2438 Hof
713 2380 772 2440 und
796 2384 854 2444 alle
878 2385 1036 2445 fürstliche
1061 2382 1125 2442 und
1143 2382 1201 2442 an¬

185 2448 262 2508 dere
280 2440 446 2500 Personen
472 2435 495 2495 in
525 2431 650 2491 London
680 2429 739 2489 und
764 2433 787 2493 im
829 2436 948 2496 Haag,
973 2433 1019 2493 wo
1038 2432 1103 2492 man
1134 2432 1198 2492 die¬

189 2496 236 2556 sen
266 2491 360 2551 Hahn
397 2485 449 2545 hat
480 2482 562 2542 sehen
598 2476 716 2536 lassen,
752 2482 852 2542 haben
889 2482 1024 2542 gestehen
1061 2482 1196 2542 müssen,

187 2544 247 2604 daß
275 2542 308 2602 sie
331 2536 380 2596 bis
403 2535 474 2595 jetzo
497 2528 597 2588 nichts
625 2532 953 2592 wunderbarlicheres
981 2531 1002 2591 in
1042 2530 1091 2590 der
1120 2529 1197 2589 Na¬

184 2593 236 2653 tur
256 2585 407 2645 gesehen.
453 2582 564 2642 Nebst
585 2575 676 2635 diesem
716 2581 814 2641 Hahn
841 2581 919 2641 wird
946 2580 1017 2640 auch
1044 2578 1083 2638 ein
1123 2575 1195 2635 wil=

184 2641 240 2701 der
269 2635 416 2695 Gems,
450 2629 523 2689 oder
552 2626 738 2686 sogenanter
767 2632 1021 2692 Bergsteinbock
1050 2629 1191 2689 gezeigt.

187 2689 294 2749 Wenn
323 2679 368 2739 die
397 2676 607 2736 Einwohner
636 2676 749 2736 unsrer
778 2679 897 2739 grossen
938 2679 1045 2739 Stadt
1074 2679 1125 2739 sich
1154 2676 1181 2736 an

182 2742 280 2802 diesen
316 2727 549 2787 Seltenheiten
578 2724 642 2784 satt
672 2724 800 2784 gesehen
835 2730 934 2790 haben
976 2727 1126 2787 werden,
1162 2728 1190 2788 so

186 2792 249 2852 wil
268 2787 318 2847 der
344 2778 495 2838 Besitzer,
521 2775 584 2835 wie
604 2775 673 2835 man
705 2777 780 2837 hört
807 2780 869 2840 mit
895 2784 1059 2844 denselben
1091 2782 1191 2842 Ham¬

190 2847 279 2907 burg
308 2834 472 2894 besuchen.

1512 691 1713 751 London,
1743 691 1806 751 vom
1858 691 1899 751 2.
1928 691 2014 751 Oct.

1287 740 1331 800 Zu
1360 739 1561 799 Wimbleton
1590 739 1617 799 in
1651 739 1701 799 der
1724 739 1920 799 Grafschaft
1937 739 2054 799 Surry
2089 739 2122 799 ist
2145 739 2256 799 gegen¬

1236 789 1355 849 wärtig
1395 789 1460 849 eine
1488 789 1563 849 Aloe
1592 786 1624 846 in
1663 788 1711 848 der
1740 789 1892 849 Blüthe,
1926 786 2040 846 welche
2068 786 2243 846 innerhalb

1246 831 1257 891 7
1292 837 1421 897 Wochen
1456 837 1490 897 20
1519 837 1580 897 Fuß
1609 837 1682 897 hoch
1716 837 1937 897 aufgeschossen
1960 834 2017 894 ist.
2063 831 2135 891 Die
2153 834 2248 894 Blät=

1236 889 1279 949 ter
1301 888 1361 948 sind
1389 888 1426 948 16
1454 888 1519 948 Fuß
1547 885 1650 945 breit,
1678 887 1731 947 der
1754 885 2004 945 ausschiessende
2037 881 2168 941 Stamm
2206 882 2244 942 ist

1240 939 1330 999 unten
1368 939 1405 999 14
1437 939 1511 999 Zoll
1533 938 1559 998 im
1597 936 1777 996 Umfange.
1831 936 1921 996 Man
1959 933 2086 993 rechnet
2114 932 2145 992 an
2183 929 2251 989 die¬

1236 988 1280 1048 ser
1303 987 1380 1047 Aloe
1404 987 1475 1047 über
1504 987 1588 1047 3000
1616 987 1778 1047 blühende
1801 984 1890 1044 Aste,
1913 984 2046 1044 welches
2086 981 2153 1041 eine
2176 980 2248 1040 gro¬

1244 1039 1279 1099 ße
1297 1037 1497 1097 Seltenheit
1516 1040 1562 1100 ist,
1598 1037 1674 1097 weil
1698 1040 1887 1100 dergleichen
1929 1034 1993 1094 hier
2023 1034 2164 1094 niemals
2194 1030 2246 1090 ge¬

1249 1089 1332 1149 sehen
1367 1088 1519 1148 worden.

1489 1165 1692 1225 Toulon,
1727 1163 1779 1223 den
1820 1160 1884 1220 17.
1908 1157 2023 1217 Sept.

1285 1212 1429 1272 Obzwar
1463 1210 1512 1270 die
1546 1209 1712 1269 Genueser
1746 1207 1768 1267 in
1807 1205 1856 1265 der
1890 1206 2001 1266 Nacht
2029 1204 2084 1264 vom
2129 1201 2234 1261 26sten

1237 1260 1295 1320 auf
1317 1260 1370 1320 den
1397 1258 1502 1318 27sten
1530 1255 1656 1315 August
1679 1255 1821 1315 glücklich
1849 1252 1933 1312 einen
1966 1252 2055 1312 guten
2087 1249 2236 1309 Vorrath

1231 1306 1265 1366 an
1296 1303 1543 1363 Lebensmitteln
1574 1301 1632 1361 und
1662 1302 1881 1362 Munitionen
1916 1299 1940 1359 in
1971 1299 2024 1359 das
2050 1297 2129 1357 Fort
2159 1297 2233 1357 San

1236 1351 1392 1411 Fiorenzo
1415 1351 1577 1411 gebracht,
1594 1351 1654 1411 und
1681 1351 1724 1411 die
1752 1348 1925 1408 Corsischen
1948 1347 2116 1407 Felucken,
2133 1345 2240 1405 welche

191 1410 249 1470 mit
272 1404 352 1464 einem
396 1399 455 1459 mit
477 1398 606 1458 Schrot
623 1399 780 1459 geladnen
808 1394 953 1454 Gewehr
986 1396 1066 1456 seine
1094 1394 1201 1454 leibli=
1235 1397 1289 1457 den
1322 1399 1429 1459 Hafen
1457 1397 1602 1457 bloquirt
1624 1399 1759 1459 hielten,
1787 1398 1857 1458 nach
1890 1396 1970 1456 einem
2014 1396 2235 1456 hartnäckigen

1232 1492 1283 1552 ben
1315 1494 1438 1554 erobert
1459 1494 1578 1554 haben,
1604 1495 1629 1555 so
1656 1494 1691 1554 ist
1713 1494 1779 1554 doch
1811 1494 1944 1554 dadurch
1971 1494 2001 1554 zu
2033 1494 2151 1554 Genua
2178 1494 2234 1554 das

1236 1547 1446 1607 Verlangen,
1468 1545 1516 1605 die
1538 1542 1760 1602 französischen
1793 1542 1917 1602 Waffen
1944 1544 2003 1604 auf
2025 1539 2143 1599 Corsica
2177 1542 2241 1602 mit

1236 1593 1285 1653 den
1319 1593 1545 1653 Genuesischen
1574 1595 1756 1655 vereiniget
1768 1594 1794 1654 zu
1817 1593 1922 1653 sehen,
1945 1593 2033 1653 nicht
2051 1593 2243 1653 geschwächt

1228 1640 1378 1700 worden.
1428 1643 1667 1703 Französischer
1701 1643 1806 1703 Seite
1834 1640 1917 1700 wird
1951 1643 2022 1703 man
2056 1643 2145 1703 nicht
2168 1642 2239 1702 säu¬

1228 1697 1325 1757 men,
1353 1698 1401 1758 der
1440 1697 1565 1757 desfals
1603 1697 1777 1757 getroffnen
1816 1694 2022 1754 Convention
2061 1694 2169 1754 genug
2202 1693 2229 1753 zu

1233 1751 1339 1811 thun.
1381 1750 1433 1810 Es
1458 1750 1498 1810 ist
1522 1750 1570 1810 der
1594 1748 1723 1808 Befehl
1742 1748 1978 1808 eingegangen,
2008 1748 2054 1808 die
2085 1747 2237 1807 Fregatte

1239 1802 1288 1862 die
1310 1802 1464 1862 Chimäre
1492 1802 1552 1862 und
1587 1801 1636 1861 die
1659 1799 1857 1859 Schebecken
1890 1799 1940 1859 der
1968 1799 2155 1859 Seduisant
2178 1799 2233 1859 und

1236 1846 1289 1906 der
1319 1846 1471 1906 Requin,
1506 1843 1618 1903 welche
1648 1844 1692 1904 die
1722 1846 1942 1906 französischen
1982 1846 2134 1906 Truppen
2169 1847 2237 1907 nach

1235 1886 1398 1946 gedachter
1431 1888 1533 1948 Insel
1570 1888 1747 1948 convoyren
1785 1888 1905 1948 sollen,
1934 1888 2105 1948 dergestalt
2129 1893 2235 1953 hurtig

1232 1933 1438 1993 zuzurüsten,
1466 1933 1518 1993 daß
1545 1930 1582 1990 sie
1609 1933 1704 1993 gegen
1741 1933 1794 1993 den
1831 1933 1921 1993 15ten
1959 1933 2011 1993 des
2043 1939 2244 1999 nächstkom¬

1234 1981 1366 2041 menden
1396 1980 1538 2040 Monats
1563 1978 1701 2038 abgehen
1736 1981 1873 2041 können.
1908 1984 2134 2044 Unmittelbar
2154 1987 2242 2047 nach¬

1228 2029 1287 2089 her
1309 2030 1346 2090 ist
1369 2028 1401 2088 an
1429 2028 1510 2088 diese
1532 2028 1744 2088 Ausrüstung
1772 2028 1814 2088 die
1837 2028 1934 2088 Hand
1962 2031 2064 2091 gelegt
2093 2031 2244 2091 worden.

1231 2078 1301 2138 Die
1328 2079 1502 2139 Truppen,
1524 2077 1638 2137 welche
1666 2079 1730 2139 man
1763 2079 1937 2139 einschiffen
1964 2079 2062 2139 wird,
2090 2082 2230 2142 bestehen

1227 2130 1253 2190 in
1291 2130 1344 2190 den
1382 2127 1615 2187 Regimentern
1653 2127 1786 2187 Royal,
1813 2127 2020 2187 Roußillon,
2053 2130 2233 2190 Rovergue

1231 2184 1290 2244 und
1318 2178 1524 2238 Languedoc,
1552 2178 1639 2238 deren
1672 2178 1753 2238 jedes
1787 2178 1802 2238 2
1830 2181 2026 2241 Bataillons
2048 2179 2140 2239 hält,
2168 2181 2232 2241 und

1223 2233 1304 2293 denn
1345 2229 1398 2289 dem
1451 2229 1637 2289 Regiment
1673 2231 1882 2291 Tournaisis
1918 2231 1976 2291 von
2023 2231 2116 2291 einem
2164 2231 2244 2291 Ba¬

1231 2281 1363 2341 taillon.

1498 2342 1630 2402 Rom,
1664 2345 1719 2405 den
1758 2345 1819 2405 22.
1847 2348 1963 2408 Sept.

1275 2392 1355 2452 Sr.
1373 2393 1553 2453 Heiligkeit
1577 2396 1675 2456 haben
1705 2396 1768 2456 300
1803 2396 1919 2456 Thaler
1949 2397 2006 2457 aus
2041 2396 2122 2456 ihrer
2152 2396 2238 2456 Cha¬

1227 2443 1322 2503 toulle
1344 2440 1375 2500 an
1407 2440 1454 2500 die
1476 2443 1592 2503 Armen
1619 2445 1650 2505 zu
1678 2446 1884 2506 Frossinone,
1906 2445 2011 2505 welche
2033 2443 2069 2503 an
2097 2443 2234 2503 Lebens¬

1228 2491 1333 2551 mittel
1362 2493 1449 2553 einen
1483 2495 1672 2555 gewaltigen
1712 2497 1861 2557 Mangel
1884 2494 2011 2554 litten,
2050 2494 2222 2554 auszahlen

1232 2542 1347 2602 laßen.

1450 2608 1693 2668 Bologna,
1720 2607 1771 2667 den
1810 2603 1873 2663 22.
1900 2599 2014 2659 Sept.

1279 2649 1376 2709 Nach
1401 2652 1510 2712 unsern
1546 2658 1661 2718 letztern
1692 2652 1900 2712 Nachrichten
1930 2649 1988 2709 aus
2023 2651 2092 2711 Rom
2140 2652 2243 2712 befin¬

1228 2700 1281 2760 der
1304 2700 1352 2760 sich
1380 2702 1428 2762 der
1462 2706 1575 2766 Ritter
1603 2706 1662 2766 von
1706 2702 1777 2762 St.
1799 2700 1962 2760 George,
1989 2700 2119 2760 welcher
2147 2700 2228 2760 schon

1228 2751 1298 2811 sehr
1325 2751 1459 2811 schwach
1498 2761 1672 2821 gewesen,
1711 2751 1923 2811 vollkommen
1969 2749 2090 2809 wieder
2123 2751 2238 2811 herge=

1228 2805 1349 2865 stellet.

2100 2874 2210 2934 Turin
