2479 3508
503 332 675 392 Turin,
703 329 758 389 den
792 327 858 387 17.
881 329 997 389 Sept.

296 380 375 440 Wie
413 382 598 442 verlautet,
626 380 652 440 so
690 377 790 437 haben
839 377 912 437 Sr.
945 379 1045 439 Maj.
1073 377 1126 437 den
1163 377 1258 437 obern

246 434 349 494 Theil
377 432 431 492 dem
476 430 732 490 Novaresischen
766 428 913 488 Gebiete
947 428 1055 488 längst
1083 426 1137 486 dem
1182 425 1263 485 Lago

257 484 416 544 Magiore
448 480 540 540 gegen
587 476 705 536 andere
732 477 886 537 Kayserl.
912 479 1020 539 Lande
1057 474 1268 534 vertauschet,

253 533 395 593 wodurch
430 530 473 590 die
499 527 626 587 Grafen
656 527 714 587 von
744 525 931 585 Borromeo
961 524 1122 584 wiederum
1172 527 1264 587 unter

253 581 305 641 des
333 580 449 640 Reichs
477 578 758 638 Bothmäßigkeit
775 578 807 638 zu
834 576 934 636 stehen
962 575 1126 635 kommen.

406 628 809 688 Preuschholland,
854 628 910 688 den
945 625 983 685 5.
1012 625 1134 685 Octob.

306 677 383 737 Der
414 679 559 739 Königl.
580 676 714 736 Preuß.
740 673 1003 733 Generalmajor
1030 673 1086 733 von
1128 671 1179 731 der

258 730 393 790 fanterie
420 727 490 787 Hr.
511 727 566 787 von
597 725 753 785 Tadden,
774 723 905 783 welcher
931 722 956 782 in
987 724 1037 784 der
1058 721 1179 781 letztern
1210 718 1275 778 Be¬

261 777 414 837 lagerung
441 775 493 835 von
521 773 652 833 Colberg
679 775 769 835 durch
797 772 844 832 die
860 772 1029 832 Anlegung
1051 773 1098 833 der
1120 771 1273 831 berühm¬

255 828 306 888 ten
332 825 652 885 Verschanzungen,
684 822 714 882 so
746 822 802 882 von
838 822 889 882 der
916 822 1013 882 Russ.
1040 822 1158 882 Armee
1185 816 1272 876 nicht

263 878 336 938 eher
363 876 410 936 als
437 873 485 933 bis
517 873 553 933 sie
586 870 638 930 von
676 870 786 930 unsern
818 871 961 931 Völkern
998 870 1088 930 selbst
1120 866 1267 926 verlaßen

259 927 422 987 worden,
446 921 690 981 eingenommen
725 918 845 978 werden
879 921 1027 981 können,
1052 921 1104 981 sich
1138 917 1186 977 ein
1225 915 1282 975 un¬

263 975 480 1035 vergeßliches
507 970 676 1030 Andenken
703 969 840 1029 gestiftet
862 969 941 1029 hat,
968 969 1026 1029 und
1053 966 1269 1026 gegenwärtig

269 1023 295 1083 in
327 1021 454 1081 unserer
475 1016 591 1076 Stadt
613 1015 639 1075 in
666 1015 834 1075 Garnison
861 1016 978 1076 stehet,
1005 1016 1062 1076 hat
1079 1016 1136 1076 vom
1179 1013 1268 1073 17ten

266 1070 317 1130 bis
338 1068 395 1128 zum
437 1064 540 1124 26sten
572 1062 618 1122 des
644 1061 867 1121 abgewichnen
898 1061 1043 1121 Monats
1080 1063 1141 1123 mit
1163 1061 1260 1121 seinem

266 1116 451 1176 Regiment
467 1113 532 1173 eine
557 1110 708 1170 besondre
734 1109 970 1169 Kriegsübung
1001 1112 1277 1172 vorgenommen.

270 1166 340 1226 Der
368 1165 438 1225 Hr.
460 1163 618 1223 General
640 1160 732 1220 hatte
759 1160 819 1220 auf
847 1160 900 1220 dem
944 1160 1042 1220 Felde
1070 1160 1199 1220 unweit
1227 1156 1275 1216 der

266 1216 382 1276 Stadt
404 1213 445 1273 ein
478 1212 593 1272 kleines
621 1207 852 1267 regelmäßiges
880 1209 953 1269 Fort
975 1207 1148 1267 aufwerfen
1170 1204 1281 1264 laßen,

268 1267 395 1327 welches
430 1264 483 1324 von
524 1261 611 1321 einem
651 1260 862 1320 Hauptmann
902 1261 960 1321 mit
990 1258 1054 1318 zwo
1079 1258 1284 1318 Grenadier¬

266 1316 476 1376 compagnien
513 1312 573 1372 und
613 1311 678 1371 mit
709 1312 925 1372 verschiednen
971 1309 1132 1369 Kanonen
1173 1306 1278 1366 besetzt

265 1366 353 1426 war.
384 1363 546 1423 Selbiges
572 1360 685 1420 wurde
710 1360 764 1420 von
790 1360 838 1420 den
869 1360 1274 1420 Musketiercompagnien

269 1415 323 1475 des
349 1411 550 1471 Regiments
576 1408 772 1468 verschiedne
798 1407 888 1467 Tage
908 1410 978 1470 nach
1009 1410 1180 1470 einander,
1200 1407 1270 1467 nach

271 1464 348 1524 allen
379 1461 502 1521 Regeln
529 1459 580 1519 der
601 1458 864 1518 Kriegeskunst,
890 1458 916 1518 so
942 1460 993 1520 bey
1019 1460 1107 1520 einer
1128 1458 1282 1518 ordentli¬

269 1515 337 1575 chen
367 1512 578 1572 Belagerung
613 1509 864 1569 vorgenommen
904 1509 1056 1569 werden,
1081 1507 1272 1567 angegriffen

265 1565 324 1625 und
354 1560 408 1620 von
443 1560 492 1620 den
522 1558 750 1618 vorgedachten
785 1557 1215 1617 Grenadiercompagnien,
1236 1556 1279 1616 die

271 1610 327 1670 den
353 1610 445 1670 Feind
477 1608 682 1668 vorstellten,
709 1605 924 1665 vertheidigt,
956 1608 1012 1668 und
1038 1606 1156 1666 endlich
1193 1605 1280 1665 nach¬

270 1660 324 1720 dem
369 1658 428 1718 das
463 1655 542 1715 Fort
572 1655 626 1715 von
671 1654 680 1714 3
710 1652 883 1712 Batterien
918 1652 1116 1712 beschossen,
1146 1653 1209 1713 und
1235 1652 1283 1712 der

270 1706 339 1766 eine
359 1703 452 1763 Wall
471 1703 499 1763 im
542 1701 659 1761 Sturm
697 1697 837 1757 verloren
871 1697 1035 1757 gegangen
1073 1699 1166 1759 war,
1190 1697 1279 1757 durch

275 1751 501 1811 Capitulation
532 1743 673 1803 erobert,
686 1744 728 1804 so,
746 1742 801 1802 daß
827 1742 874 1802 sich
900 1739 1084 1799 jedermann
1114 1739 1165 1799 von
1199 1739 1280 1799 einer

278 1796 464 1856 förmlichen
494 1788 706 1848 Belagerung
737 1785 822 1845 einer
843 1785 983 1845 Vestung
1020 1784 1105 1844 durch
1145 1783 1196 1843 den
1226 1781 1291 1841 Au¬

281 1846 439 1906 genschein
468 1840 512 1900 die
535 1840 811 1900 allerdeutlichsten
834 1837 986 1897 Begriffe
1003 1837 1127 1897 machen
1156 1834 1285 1894 konnte.

281 1899 323 1959 Am
373 1897 475 1957 letzten
508 1894 599 1954 Tage
632 1893 728 1953 gaben
767 1891 815 1951 der
848 1891 918 1951 Hr.
940 1891 1204 1951 Generalmajor
1232 1888 1274 1948 ein

280 1948 392 2008 großes
427 1948 557 2008 Festin,
597 1945 733 2005 welches
767 1944 829 2004 mit
853 1942 937 2002 einem
989 1942 1079 2002 Ball
1102 1942 1277 2002 beschlossen

278 2002 407 2062 wurde.

489 2041 749 2101 Warschau,
783 2040 833 2100 den
873 2040 933 2100 15.
962 2038 1083 2098 Octob.

333 2091 385 2151 Da
412 2094 501 2154 durch
533 2092 580 2152 die
602 2089 702 2149 Pacta
734 2090 902 2150 Conventa
929 2088 1003 2148 Sr.
1025 2088 1124 2148 Maj.
1141 2085 1188 2145 dem
1225 2085 1293 2145 Kö=

281 2148 383 2208 nige,
405 2143 550 2203 diesmal
567 2140 648 2200 schon
681 2139 729 2199 die
756 2139 896 2199 Königl.
913 2138 1091 2198 Einkünfte
1124 2136 1178 2196 von
1216 2136 1269 2196 dem

288 2194 379 2254 Tode
406 2190 460 2250 des
493 2187 682 2247 hochseligen
715 2187 838 2247 Königs
871 2187 974 2247 Maj.
991 2187 1233 2247 zugestanden,
1255 2182 1282 2242 so

288 2243 384 2303 haben
417 2237 487 2297 Sr.
509 2237 605 2297 Maj.
633 2237 703 2297 auch
736 2235 816 2295 schon
854 2234 897 2294 die
919 2234 1059 2294 Königl.
1081 2232 1291 2292 Schatzcom=

281 2288 404 2348 mission
435 2282 637 2342 anzuordnen
663 2283 816 2343 geruhet,
841 2282 935 2342 unter
955 2285 1084 2345 welcher
1109 2285 1153 2345 die
1178 2282 1207 2342 zu
1233 2282 1281 2342 den

285 2339 424 2399 Königl.
452 2333 652 2393 Einkünften
687 2330 859 2390 gehörigen
894 2333 1004 2393 Güter
1038 2333 1144 2393 stehen
1178 2330 1289 2390 sollen,

285 2389 349 2449 und
383 2385 480 2445 daher
507 2381 588 2441 schon
622 2379 670 2439 die
692 2378 833 2438 Glieder
860 2381 958 2441 dieser
985 2385 1197 2445 Commission
1235 2380 1267 2440 am

291 2437 486 2497 verwichnen
519 2430 682 2490 Montage
709 2428 728 2488 in
755 2426 826 2486 Eyd
847 2429 904 2489 und
931 2432 1055 2492 Pflicht
1082 2430 1290 2490 genommen.

284 2488 357 2548 Von
398 2485 498 2545 dieser
525 2481 739 2541 Commission
773 2476 832 2536 sind
860 2479 933 2539 auch
967 2482 1047 2542 schon
1088 2479 1288 2539 verschiedne

292 2540 392 2600 andre
418 2536 542 2596 Herren
581 2530 650 2590 nach
682 2527 738 2587 den
770 2526 913 2586 Königl.
939 2530 1065 2590 Gütern
1097 2530 1290 2590 abgesendet

286 2587 442 2647 worden,
471 2586 505 2646 um
547 2581 702 2641 derselben
726 2575 992 2635 Beschaffenheit
1010 2581 1038 2641 zu
1068 2581 1293 2641 untersuchen,

290 2638 349 2698 und
380 2636 482 2696 davon
519 2632 634 2692 hieher
659 2631 713 2691 den
750 2623 889 2683 Bericht
920 2629 1162 2689 einzuschicken.
1229 2628 1277 2688 Am

291 2683 476 2743 Dienstage
499 2681 603 2741 hatten
639 2676 707 2736 Sr.
732 2673 876 2733 Durchl.
905 2672 957 2732 der
980 2676 1113 2736 Preuß.
1131 2679 1299 2739 Ambassa=

284 2736 357 2796 deur
383 2733 432 2793 bey
464 2730 537 2790 Sr.
557 2730 656 2790 Maj.
669 2728 724 2788 dem
768 2724 898 2784 Könige
917 2721 985 2781 eine
1017 2726 1097 2786 ganz
1123 2727 1296 2787 besondere

295 2784 459 2844 Audienz,
484 2778 595 2838 welche
619 2778 689 2838 auch
719 2775 766 2835 den
802 2772 896 2832 11ten
926 2769 978 2829 des
1002 2775 1090 2835 Hrn.
1114 2778 1296 2838 Kronmar=

288 2835 397 2895 schalls
421 2829 612 2889 Excellenz,
637 2826 700 2886 und
729 2825 828 2885 einige
857 2820 949 2880 Tage
967 2822 1089 2882 darauf
1113 2823 1165 2883 der
1188 2826 1303 2886 Däni¬

286 2885 353 2945 sche
378 2882 538 2942 Resident
571 2879 638 2939 Hr.
669 2878 786 2938 Saint
812 2873 990 2933 Saphorin
1023 2873 1145 2933 gehabt
1177 2876 1300 2936 haben.

1300 327 1349 387 Am
1394 330 1604 390 Sonnabend
1632 330 1715 390 ward
1743 334 1798 394 auf
1821 334 2003 394 gefundnes
2025 330 2158 390 Urtheil
2181 330 2235 390 der
2264 336 2313 396 ge¬

1306 374 1522 434 genwärtigen
1559 383 1935 443 Marschallsgerichte,
1971 383 2002 443 zu
2043 383 2172 443 welchen
2209 383 2306 443 einige

1300 425 1492 485 Senateurs
1513 425 1573 485 und
1594 431 1751 491 Minister
1777 434 1918 494 diesmal
1939 434 1999 494 mit
2020 432 2152 492 gezogen
2178 431 2299 491 wurden

1306 476 1362 536 auf
1391 476 1588 536 öffentlichen
1623 479 1741 539 Markt
1770 482 1882 542 allhier
1923 483 1990 543 eine
2019 483 2148 543 gewisse
2177 482 2312 542 Schrift

1298 524 1388 584 durch
1414 523 1465 583 den
1496 525 1623 585 Henker
1649 530 1852 590 verbrandt,
1878 533 1989 593 welche
2015 533 2071 593 seit
2092 534 2198 594 kurzem
2245 533 2320 593 aus¬

1302 572 1403 632 wårts
1430 572 1456 632 in
1484 575 1681 635 lateinischer
1708 582 1883 642 Sprache,
1911 583 2006 643 unter
2040 583 2092 643 dem
2135 581 2231 641 Titel
2258 580 2311 640 pro

1306 619 1548 679 informatione
1581 622 1637 682 auf
1663 628 1787 688 etlichen
1824 630 1943 690 Bogen
1980 631 2005 691 im
2052 633 2166 693 Druck
2197 631 2321 691 erschie=

1304 669 1394 729 nen,
1424 670 1580 730 darinnen
1616 674 1686 734 man
1722 679 1822 739 wider
1858 681 1908 741 den
1944 682 2069 742 Herzog
2100 684 2130 744 in
2161 682 2306 742 Curland

1304 712 1407 772 Ernst
1434 721 1575 781 Johann
1615 722 1679 782 und
1712 724 1804 784 dessen
1843 730 2093 790 bevorstehende
2121 730 2316 790 Investitur

1310 767 1377 827 sehr
1406 768 1502 828 heftig
1536 771 1711 831 schreibet,
1746 778 1802 838 und
1837 778 1887 838 die
1911 781 2227 841 Wiedereinsetzung
2256 781 2312 841 des

1312 816 1520 876 Sächsischen
1550 821 1692 881 Prinzen
1722 824 1804 884 Carl
1817 828 2012 888 behauptet.

1546 872 1746 932 Danzig,
1775 876 1824 936 den
1858 877 1925 937 21.
1953 879 2075 939 Octob.

1360 912 1415 972 Da
1454 917 1515 977 auf
1538 919 1587 979 dem
1633 921 1732 981 letzten
1772 927 2255 987 Convocations=Reichstage
2283 927 2310 987 zu

1313 963 1405 1023 dessen
1442 967 1596 1027 Schlusse
1638 970 1927 1030 bekanntermaßen
1974 977 2062 1037 keine
2088 975 2315 1035 Abgeordnete

1316 1010 1372 1070 aus
1409 1011 1455 1071 dem
1502 1014 1640 1074 Pohln.
1662 1016 1816 1076 Preußen
1853 1019 1950 1079 haben
1992 1024 2146 1084 beytreten
2183 1025 2327 1085 können,

1312 1058 1422 1118 einige
1447 1062 1583 1122 Punkte
1609 1062 1790 1122 beschlossen
1832 1064 1952 1124 worden
1993 1069 2088 1129 sind,
2129 1070 2245 1130 welche
2271 1072 2320 1132 die

1320 1107 1466 1167 Preußen
1499 1112 1543 1172 als
1570 1112 1760 1172 nachtheilig
1788 1115 1841 1175 für
1869 1115 1934 1175 ihre
1962 1115 2206 1175 Prårogativen
2245 1118 2325 1178 erse¬

1319 1155 1402 1215 hen,
1435 1157 1466 1217 so
1493 1160 1667 1220 erscheinet
1688 1163 1740 1223 von
1778 1166 1894 1226 Seiten
1932 1166 1984 1226 der
2005 1166 2137 1226 Städte
2164 1166 2322 1226 Danzig,

1319 1204 1429 1264 Thorn
1457 1207 1518 1267 und
1546 1210 1662 1270 Elbing
1691 1215 1757 1275 eine
1780 1216 2034 1276 Manifestation
2068 1216 2101 1276 zu
2135 1216 2318 1276 Erhaltung

1313 1256 1407 1316 dieser
1436 1261 1721 1321 Prårogativen,
1756 1267 1844 1327 deren
1884 1267 2074 1327 Verletzung
2108 1267 2147 1327 sie
2170 1267 2198 1327 in
2237 1267 2326 1327 einer

1315 1309 1537 1369 Deduction,
1574 1312 1688 1372 welche
1720 1315 1880 1375 nächstens
1917 1315 1942 1375 im
1979 1318 2088 1378 Druck
2120 1317 2332 1377 herauskom=

1316 1357 1382 1417 men
1424 1358 1532 1418 wird,
1553 1363 1791 1423 weitläuftiger
1823 1366 1889 1426 nach
1916 1366 2091 1426 Anleitung
2128 1366 2179 1426 der
2206 1366 2324 1426 Rechte

1321 1407 1481 1467 vorstellen
1513 1411 1646 1471 wollen.
1695 1413 1769 1473 Die
1791 1413 1908 1473 hiesige
1930 1416 2036 1476 Stadt
2053 1416 2111 1476 hat
2133 1416 2319 1476 dergleichen

1323 1455 1344 1515 in
1376 1458 1471 1518 dem,
1498 1459 1566 1519 was
1593 1461 1629 1521 sie
1645 1463 1873 1523 insonderheit
1889 1464 2052 1524 angehet,
2074 1464 2195 1524 bereits
2216 1461 2327 1521 beson¬

1318 1506 1388 1566 ders
1424 1509 1564 1569 bekannt
1591 1512 1757 1572 gemacht;
1793 1512 1833 1572 sie
1864 1512 1940 1572 wird
1976 1515 2046 1575 aber
2082 1512 2152 1572 doch
2188 1512 2238 1572 bey
2274 1512 2324 1572 der

1321 1557 1543 1617 vorgedachten
1575 1560 1760 1620 Deduction
1797 1563 2104 1623 gemeinschaftliche
2126 1562 2236 1622 Sache
2269 1563 2326 1623 mit

1322 1605 1376 1665 den
1401 1605 1518 1665 andern
1548 1608 1695 1668 machen.
1750 1610 1926 1670 Dieselben
1961 1610 2089 1670 Städte
2119 1610 2217 1670 haben
2252 1610 2320 1670 auch

1323 1651 1393 1711 eine
1408 1652 1662 1712 Manifestation
1687 1652 1773 1712 gegen
1804 1654 1844 1714 die
1860 1655 2052 1715 Preußische
2073 1658 2325 1718 Conföderation

1321 1697 1452 1757 ergehen
1485 1697 1611 1757 laßen,
1640 1697 1752 1757 welche
1786 1699 1861 1759 kurz
1889 1700 1945 1760 vor
1974 1700 2025 1760 dem
2072 1703 2334 1763 Wahlreichsta¬

1320 1739 1360 1799 ge
1388 1736 1446 1796 von
1484 1739 1538 1799 dem
1584 1742 1788 1802 Woywoden
1831 1742 1889 1802 von
1935 1748 2177 1808 Pommerellen
2223 1748 2340 1808 errich¬

1322 1782 1369 1842 tet
1398 1784 1527 1844 wurde.

1633 1894 2027 1954 AVERTISSEMENT.

1372 1938 1449 1998 Dem
1494 1941 1637 2001 Publico
1660 1942 1737 2002 wird
1765 1945 1881 2005 hiemit
1898 1948 2114 2008 nachrichtlich
2136 1948 2274 2008 bekannt
2291 1951 2335 2011 ge¬

1329 1990 1450 2050 macht:
1477 1989 1535 2049 daß
1567 1989 1620 2049 auf
1636 1993 1858 2053 eingegangne
1880 1996 2096 2056 Verordnung
2118 1996 2154 2056 E.
2171 1999 2334 2059 hochprßl.

1327 2037 1639 2097 Generalpostamts
1669 2040 1714 2100 die
1740 2043 1901 2103 Berliner
1931 2046 2072 2106 reitende
2098 2046 2183 2106 Post
2209 2046 2329 2106 präcise

1324 2085 1356 2145 um
1405 2087 1442 2147 12
1474 2085 1539 2145 Uhr
1566 2088 1716 2148 Mittags
1744 2089 1770 2149 in
1797 2091 1851 2151 den
1879 2093 2120 2153 gewöhnlichen
2153 2094 2330 2154 Posttagen

1327 2136 1466 2196 abgehen
1493 2133 1596 2193 wird;
1613 2136 1727 2196 dahero
1748 2138 1794 2198 die
1810 2142 2003 2202 sämmtliche
2024 2145 2190 2205 respective
2206 2145 2324 2205 Herren

1338 2184 1575 2244 Interessenten
1606 2184 1742 2244 ersuchet
1768 2187 1920 2247 werden,
1951 2193 2026 2253 ihre
2057 2193 2178 2253 Briefe
2204 2196 2340 2256 allemal

1330 2231 1386 2291 vor
1423 2231 1458 2291 10
1500 2230 1567 2290 Uhr
1598 2231 1649 2291 dem
1696 2237 1918 2297 Postcomtoir
1949 2240 2186 2300 einzuliefern,
2223 2243 2310 2303 indem

1327 2281 1396 2341 nach
1427 2280 1462 2340 10
1488 2282 1553 2342 Uhr
1574 2282 1659 2342 keine
1680 2285 1765 2345 mehr
1786 2288 2022 2348 angenommen
2053 2291 2174 2351 werden
2200 2293 2335 2353 köͤnnen.

1331 2333 1562 2393 Königsberg,
1580 2333 1624 2393 den
1654 2333 1716 2393 18.
1739 2336 1812 2396 Oct.
1830 2336 1942 2396 1764.

1767 2387 1911 2447 Königl.
1930 2387 2062 2447 Preuß.
2081 2390 2339 2450 Hof=Postamt.

1342 2473 1671 2533 Wechsel-Cours
1686 2470 1699 2530 &
1750 2479 1900 2539 Species
1916 2479 1958 2539 d.
1973 2479 2036 2539 25.
2051 2480 2194 2540 Octob.
2210 2488 2338 2548 1764.

1337 2527 1521 2587 Amsterdam
1562 2525 1602 2585 41
1626 2522 1711 2582 Tage
1729 2526 1787 2586 305
1805 2532 1862 2592 gr.
1915 2533 1960 2593 71
1978 2533 2064 2593 Tage
2088 2536 2145 2596 303
2169 2541 2220 2601 gr.

1339 2577 1508 2637 Hamburg
1541 2575 1547 2635 3
1581 2574 1632 2634 W.
1653 2576 1711 2636 133
1731 2582 1789 2642 gr.

1888 2580 1898 2640 6
1928 2578 1986 2638 W.
2004 2584 2142 2644 132gr.

1336 2623 1444 2683 Berlin

1818 2627 1968 2687 Dantzig
2006 2630 2048 2690 22
2081 2632 2129 2692 pr.
2140 2635 2220 2695 Cto.

1336 2674 1479 2734 Ducaten
1502 2671 1573 2731 neue
1596 2670 1607 2730 8
1629 2672 1662 2732 fl.
1674 2675 1706 2735 28
1729 2680 1784 2740 gr.

1919 2676 2051 2736 Alberts
2068 2680 2157 2740 Taler
2179 2683 2237 2743 128
2259 2688 2311 2748 gr.

1332 2724 1450 2784 Rubel
1467 2724 1532 2784 111
1559 2725 1612 2785 gr.

1816 2725 1871 2785 Alt
1883 2727 2028 2787 Polnisch
2051 2730 2122 2790 Geld
2146 2732 2184 2792 11
2201 2733 2251 2793 pr.
2263 2728 2340 2788 Cto.

1336 2796 1433 2856 Diese
1441 2793 1583 2853 Gelehrte
1599 2794 1658 2854 und
1682 2799 1838 2859 Politische
1862 2799 1981 2859 Zeitung
2012 2799 2079 2859 wird
2102 2801 2154 2861 des
2177 2799 2327 2859 Monragi

1439 2837 1495 2897 und
1527 2838 1671 2898 Freytags
1693 2840 1713 2900 in
1740 2841 1786 2901 dem
1828 2843 2019 2903 Kanterschen
2051 2844 2226 2904 Buchladen

1725 2882 1940 2942 ausgegeben.
