2479 3508
221 309 274 369 nen
302 307 410 367 Stern
445 311 498 371 zum
548 306 764 366 Preußischen
799 303 968 363 schwarzen
1010 306 1233 366 Adlerorden,

212 360 371 420 ebenfalls
399 359 451 419 von
484 357 718 417 Diamanten,
740 357 926 417 imgleichen
969 354 1038 414 eine
1070 356 1235 416 vortrefli¬

217 410 265 470 che
292 407 487 467 Guarnitur
509 407 720 467 diamantner
749 404 949 464 Schnallen.
1009 404 1123 464 Seine
1150 404 1236 464 Auf¬

220 458 447 518 merksamkeit
464 455 572 515 wurde
594 455 696 515 jedoch
724 455 778 515 auf
806 455 936 515 einmal
963 452 1060 512 davon
1099 452 1234 512 abgezo¬

215 508 297 568 gen,
320 508 380 568 und
409 508 464 568 auf
487 506 569 566 einen
598 503 713 563 grossen
747 503 886 563 Kasten,
914 503 963 563 der
997 500 1052 560 von
1092 505 1102 565 4
1142 503 1235 563 Trä¬

215 557 287 617 gern
321 557 466 617 getragen
500 557 629 617 wurde,
652 554 819 614 gerichtet.
870 551 948 611 Bey
982 551 1144 611 Oefnung
1172 553 1245 613 des¬

217 607 314 667 selben
347 604 460 664 fanden
493 604 541 664 sich
569 604 725 664 darinnen
764 601 774 661 6
813 601 931 661 goldne
959 601 1115 661 Kanonen
1148 598 1234 658 nebst

218 655 311 715 ihren
345 655 494 715 Lavetten
528 652 582 712 von
622 649 887 709 Brasilienholz,
910 649 970 709 und
1010 649 1065 709 alle
1104 647 1236 707 Theile,

227 703 337 763 welche
364 703 417 763 bey
444 703 601 763 gemeinen
633 700 786 760 Kanonen
823 700 881 760 von
913 695 1002 755 Eisen
1029 698 1055 758 zu
1082 699 1139 759 seyn
1166 696 1239 756 pfle¬

1152 748 1232 808 Der

222 757 308 817 gen,
342 754 450 814 waren
488 752 558 812 hier
587 751 640 811 von
684 750 879 810 gediegenem
935 748 1075 808 Silber,

222 804 332 864 Werth
361 800 460 860 dieser
483 801 677 861 Geschencke
700 798 777 858 wird
805 798 871 858 nach
906 798 988 858 einer
1022 798 1238 858 mittelmäßi¬

217 856 271 916 gen
293 852 511 912 Berechnung
539 849 653 909 20000
681 848 839 908 Moidors
862 849 1031 909 geschätzt.
1075 849 1162 909 Auch
1184 845 1238 905 hat

222 903 278 963 der
300 903 409 963 König
435 900 533 960 dieses
555 897 673 957 grossen
705 897 871 957 Generals
897 897 1053 957 Namen,
1069 897 1162 957 indem
1210 897 1235 957 er

228 951 277 1011 ihn
317 951 405 1011 einer
433 951 532 1011 neuen
560 950 731 1010 Vestung,
771 947 820 1007 die
854 946 947 1006 anitzt
975 946 1096 1006 unweit
1125 945 1229 1005 Elvas

226 1001 366 1061 gebauet
392 998 487 1058 wird,
512 998 668 1058 gegeben,
694 993 754 1053 und
785 992 915 1052 dieselbe
941 992 975 1052 La
996 993 1091 1053 Lippe
1122 993 1242 1053 genen¬

231 1049 282 1109 net
303 1049 375 1109 hat,
401 1044 426 1104 in
458 1046 555 1106 seinem
597 1040 709 1100 Reiche
736 1040 761 1100 zu
798 1037 972 1097 verewigen
999 1043 1137 1103 gesucht.
1163 1040 1240 1100 Se.

229 1096 308 1156 Exc.
330 1091 430 1151 haben
458 1093 504 1153 sich
532 1091 627 1151 heute
654 1089 711 1149 mit
733 1087 801 1147 dero
829 1085 971 1145 Gefolge
999 1090 1030 1150 an
1057 1090 1152 1150 Bord
1184 1091 1237 1151 des

233 1148 406 1208 englischen
436 1142 649 1202 Packetbots,
673 1139 724 1199 die
742 1136 956 1196 Expedition,
986 1136 1142 1196 begeben.

383 1190 754 1250 Weichselstrom,
790 1188 842 1248 den
883 1187 941 1247 16.
970 1187 1092 1247 Octob.

274 1249 358 1309 Laut
381 1243 596 1303 Nachrichten
631 1243 687 1303 aus
716 1240 886 1300 Warschau
926 1237 988 1297 sind
1023 1237 1096 1297 Sr.
1125 1238 1243 1298 jetztre¬

232 1297 381 1357 gierende
410 1294 548 1354 Pohln.
571 1293 670 1353 Maj.
698 1291 770 1351 nach
804 1288 897 1348 Dero
926 1288 1236 1348 Thronbesteigung

226 1345 460 1405 hauptsächlich
487 1345 582 1405 dahin
609 1341 757 1401 bedacht,
790 1336 842 1396 die
870 1339 1082 1399 Kronarmee
1109 1339 1135 1399 zu
1173 1339 1247 1399 ver¬

230 1396 379 1456 stärken,
409 1396 467 1456 und
496 1393 553 1453 auf
571 1393 727 1453 deutschen
756 1391 825 1451 Fuß
855 1390 883 1450 zu
907 1388 1016 1448 setzen.
1087 1392 1161 1452 Dem
1202 1390 1230 1450 zu

230 1443 314 1503 folge
338 1443 422 1503 sollen
451 1443 519 1503 auch
548 1443 559 1503 5
588 1441 695 1501 leichte
718 1440 1098 1500 Dragonerregimenter
1127 1440 1246 1500 errich¬

231 1494 280 1554 tet
299 1494 447 1554 werden.

491 1539 666 1599 Mitau,
691 1536 751 1596 vom
800 1536 860 1596 25.
891 1536 969 1596 Oct.

281 1587 355 1647 Den
390 1590 488 1650 22ten
523 1590 626 1650 traten
662 1587 753 1647 Jhro
783 1584 990 1644 Hochfürstl.
1014 1587 1158 1647 Durchl.
1187 1585 1239 1645 der

230 1640 397 1700 Erbprinz
439 1641 531 1701 Ihre
566 1635 664 1695 Reise
700 1636 774 1696 nach
809 1634 983 1694 Warschau
1024 1634 1087 1694 an.
1163 1634 1244 1694 Die

232 1688 391 1748 Guarden
420 1685 606 1745 paradirten
635 1682 706 1742 beym
746 1679 894 1739 Auszuge
917 1682 971 1742 und
994 1679 1082 1739 Jhro
1099 1681 1242 1741 Durchl.

232 1730 365 1790 wurden
394 1730 448 1790 von
482 1727 564 1787 einer
590 1724 718 1784 Menge
743 1723 797 1783 von
826 1723 975 1783 Kutschen
1013 1721 1071 1781 von
1109 1721 1158 1781 der
1188 1721 1246 1781 an¬

236 1775 397 1835 wesenden
427 1772 583 1832 Noblesse
604 1769 629 1829 in
660 1768 795 1828 Mitau,
822 1769 872 1829 bis
897 1766 952 1826 zur
973 1766 1063 1826 ersten
1099 1766 1235 1826 Station

234 1825 301 1885 nach
333 1822 462 1882 Doblen
493 1821 659 1881 begleitet,
679 1817 827 1877 woselbst
852 1817 932 1877 Se.
957 1818 1037 1878 Exc,
1062 1817 1111 1877 der
1143 1817 1241 1877 Ruß.

236 1876 395 1936 Kayserl.
414 1874 596 1934 Minister,
621 1872 798 1932 wirklicher
822 1871 993 1931 Etatsrath
1029 1870 1064 1930 v.
1083 1870 1235 1930 Simolin

239 1934 268 1994 zu
292 1930 386 1990 dessen
416 1926 581 1986 Empfang
605 1926 652 1986 ein
682 1924 859 1984 prächtiges
889 1921 1136 1981 Mittagsmahl
1155 1921 1242 1981 hatte

228 1979 411 2039 zubereiten
444 1976 557 2036 laßen.
622 1974 713 2034 Nach
753 1972 974 2032 aufgehobner
1007 1972 1109 2032 Tafel
1131 1972 1233 2032 setzten

233 2025 299 2085 Sie
321 2028 410 2088 Ihre
432 2025 532 2085 Reise
555 2023 665 2083 weiter
688 2021 776 2081 fort,
810 2022 870 2082 und
904 2021 1015 2081 hielten
1054 2020 1103 2080 sich
1132 2020 1237 2080 einige

238 2079 392 2139 Stunden
426 2076 448 2136 in
476 2072 597 2132 Bliden
631 2072 680 2132 bey
708 2072 785 2132 Sr.
802 2070 923 2130 Excell.
946 2070 995 2130 der
1023 2070 1089 2130 Fr.
1106 2069 1244 2129 Reichs¬

224 2127 325 2187 gräfin
366 2124 422 2184 von
457 2124 649 2184 Kayserling
684 2121 763 2181 auf,
798 2121 860 2181 und
895 2119 1019 2179 blieben
1054 2120 1104 2180 die
1128 2118 1241 2178 Nacht

228 2173 254 2233 in
309 2175 564 2235 Frauenburg,
598 2169 744 2229 woselbst
788 2169 848 2229 von
898 2169 1022 2229 Seiten
1078 2169 1131 2229 der
1181 2169 1240 2229 Fr.

233 2223 459 2283 Reichsgräfin
504 2223 580 2283 alles
620 2220 780 2280 mögliche
814 2220 869 2280 zum
930 2220 1024 2280 guten
1069 2214 1234 2274 Empfang

231 2270 436 2330 angeordnet
458 2267 542 2327 war.
590 2264 669 2324 Den
706 2267 821 2327 andern
859 2269 1001 2329 Morgen
1039 2267 1138 2327 setzten
1171 2264 1238 2324 Sie

230 2318 303 2378 ihre
332 2317 427 2377 Reise
456 2317 551 2377 fort,
586 2313 642 2373 und
676 2315 817 2375 speiseten
852 2317 902 2377 bey
936 2318 1009 2378 Sr.
1038 2317 1156 2377 Excell.
1185 2315 1235 2375 der

230 2367 295 2427 Fr.
324 2366 507 2426 Generalin
552 2362 607 2422 von
641 2363 840 2423 Bismark;
875 2368 1029 2428 nachhero
1064 2366 1235 2426 geruheten

228 2417 299 2477 Sie
322 2419 349 2479 in
378 2415 533 2475 Strocken
567 2412 616 2472 bey
645 2411 694 2471 dem
739 2413 827 2473 Hrn.
850 2417 1061 2477 Hauptmann
1100 2417 1133 2477 v.
1156 2414 1244 2474 Mir=

223 2470 330 2530 bach,
370 2467 415 2527 wo
450 2466 523 2526 alles
563 2464 591 2524 zu
626 2461 710 2521 einer
739 2462 920 2522 prächtigen
955 2465 1147 2525 Aufnahme
1182 2464 1238 2524 das

223 2521 429 2581 Nachtlager
457 2512 685 2572 einzunehmen
720 2510 925 2570 vorgekehret
943 2515 1087 2575 worden,
1099 2512 1243 2572 woselbst

226 2569 293 2629 eine
316 2569 446 2629 Menge
481 2564 537 2624 von
578 2562 662 2622 Adel
680 2558 770 2618 Ihro
794 2561 940 2621 Durchl.
964 2565 992 2625 zu
1032 2563 1219 2623 complimen

228 2620 305 2680 tiren
336 2619 383 2679 die
408 2617 607 2677 vorzügliche
633 2605 722 2665 Ehre
741 2605 874 2665 hatten.
905 2612 1018 2672 Gegen
1050 2614 1067 2674 1
1092 2614 1158 2674 Uhr
1182 2613 1248 2673 tra¬

229 2670 273 2730 fen
307 2664 377 2724 Sie
398 2664 450 2724 den
477 2664 646 2724 folgenden
673 2655 816 2715 Morgen
849 2655 875 2715 in
901 2659 1012 2719 Liebau
1052 2664 1116 2724 ein.
1163 2661 1241 2721 Die
1274 2670 1391 2730 Rubel
1411 2670 1476 2730 111
1503 2672 1554 2732 gr.

228 2717 322 2777 beyde
352 2713 488 2773 Garden
524 2712 707 2772 empfingen
743 2703 831 2763 Ihro
873 2709 1020 2769 Durchl.
1050 2712 1132 2772 schon
1169 2712 1233 2772 eine

230 2767 325 2827 halbe
354 2761 465 2821 Meile
494 2760 550 2820 vor
579 2760 629 2820 der
663 2757 792 2817 Stadt.
849 2751 921 2811 Bey
961 2759 1051 2819 Dero
1085 2760 1237 2820 Ankunft

222 2815 349 2875 wurden
382 2813 429 2873 die
451 2810 583 2870 Glocken
616 2808 774 2868 geläutet,
801 2805 859 2865 und
892 2803 934 2863 die
961 2809 1115 2869 Kanonen
1147 2808 1242 2868 abge¬

220 2867 351 2927 feuert,
380 2866 441 2926 und
470 2864 518 2924 von
554 2864 601 2924 den
630 2862 657 2922 in
693 2861 747 2921 dem
789 2858 900 2918 Haven
935 2860 1094 2920 liegenden
1130 2861 1247 2921 Schif=

1267 311 1309 371 fen
1337 309 1448 369 wurde
1470 312 1511 372 ein
1540 313 1756 373 dreymaliges
1785 315 1875 375 Huza
1903 315 2049 375 gerufen.
2085 315 2133 375 Im
2169 318 2273 378 Rath¬

1261 359 1357 419 hause
1375 360 1477 420 traten
1506 363 1579 423 Sie
1603 365 1659 425 ab.
1683 366 1756 426 Die
1780 366 1996 426 Anwesenden
2031 363 2081 423 von
2116 365 2213 425 Adel,
2230 368 2275 428 der

1269 407 1457 467 Magistrat
1487 410 1546 470 und
1582 411 1628 471 die
1658 413 1882 473 Geistlichkeit
1912 413 1965 473 der
1989 411 2107 471 Stadt
2131 413 2265 473 statteten

1263 455 1334 515 ihre
1357 459 1573 519 Gratulation
1601 461 1662 521 ab,
1684 463 1745 523 und
1774 464 1901 524 wurden
1929 464 1990 524 auf
2007 464 2062 524 das
2085 461 2279 521 liebreichste

1262 506 1478 566 empfangen.
1529 510 1601 570 Die
1618 512 1673 572 von
1701 513 1784 573 Adel
1801 514 1851 574 als
1874 514 1946 574 auch
1974 512 2024 572 die
2041 512 2173 572 Bürger
2196 512 2285 572 wur¬

1271 554 1319 614 den
1358 554 1411 614 zur
1450 559 1553 619 Tafel
1580 563 1743 623 gezogen,
1765 563 1829 623 und
1868 562 1922 622 des
1955 563 2090 623 Abends
2129 562 2198 622 war
2231 563 2279 623 die

1273 604 1380 664 Stadt
1397 607 1451 667 auf
1473 607 1526 667 das
1549 610 1672 670 artigste
1689 610 1899 670 illuminixet,
1911 613 2078 673 worinnen
2106 613 2197 673 vieler
2219 610 2283 670 Ge=

1272 652 1404 712 schmack
1427 655 1616 715 herrschete.
1660 661 1737 721 Den
1777 663 1893 723 andern
1921 661 2065 721 Morgen
2104 664 2270 724 geruheten

1273 703 1364 763 Ihro
1391 703 1543 763 Durchl,
1565 706 1614 766 den
1641 709 1787 769 Haven,
1820 712 1868 772 die
1901 712 2031 772 erbaute
2058 712 2177 772 Kasten
2216 712 2274 772 und

1275 751 1495 811 Maschinen,
1518 756 1567 816 die
1596 758 1650 818 zur
1679 760 1916 820 Verbesserung
1950 760 1999 820 des
2033 763 2177 823 Havens
2210 764 2271 824 und

1273 801 1326 861 der
1350 804 1544 864 Schiffahrt
1569 807 1634 867 mit
1658 809 1681 869 so
1711 810 1805 870 gutem
1847 810 2006 870 Fortgang
2037 811 2095 871 und
2120 812 2208 872 Fleiß
2238 812 2284 872 ge¬

1272 852 1374 912 macht
1401 853 1555 913 worden,
1582 855 1608 915 in
1634 858 1845 918 Augenschein
1872 859 1902 919 zu
1934 859 2099 919 nehmen,
2126 861 2187 921 und
2213 861 2285 921 dar=

1273 899 1348 959 über
1376 901 1472 961 Dero
1500 906 1755 966 Zufriedenheit
1783 907 1815 967 zu
1854 909 2032 969 bezeigen,
2060 912 2168 972 fuhren
2206 913 2276 973 auch

1272 945 1297 1005 in
1324 951 1411 1011 einer
1438 954 1629 1014 Schaluppe
1656 954 1712 1014 auf
1728 957 1779 1017 den
1806 959 1929 1019 Hafen,
1951 960 1987 1020 da
2013 960 2038 1020 es
2070 960 2116 1020 sich
2143 960 2209 1020 eben
2241 963 2287 1023 er¬

1275 998 1420 1058 eignete,
1448 999 1501 1059 daß
1529 1001 1572 1061 ein
1605 1001 1718 1061 Schiff
1740 1002 1865 1062 einlief.
1941 1007 2189 1067 Ebendesselben
2223 1012 2287 1072 Ta¬

1276 1047 1328 1107 ges
1355 1046 1418 1106 war
1446 1048 1552 1108 Ball,
1584 1049 1637 1109 den
1670 1050 1764 1110 Ihro
1787 1052 1935 1112 Durchl.
1963 1052 2020 1112 mit
2042 1054 2132 1114 Dero
2160 1057 2297 1117 Gegen¬

1271 1096 1359 1156 wart
1379 1094 1611 1154 bezeichneten.
1661 1098 1740 1158 Den
1770 1100 1883 1160 andern
1913 1100 2056 1160 Morgen
2086 1103 2184 1163 setzten
2219 1106 2283 1166 Sie

1272 1142 1364 1202 Dero
1386 1145 1478 1205 Reise
1500 1148 1593 1208 unter
1609 1149 1810 1209 Begleitung
1836 1151 1888 1211 der
1909 1151 2064 1211 Guarde,
2080 1154 2168 1214 einer
2184 1155 2287 1215 Men¬

1268 1200 1300 1260 ge
1328 1196 1382 1256 von
1415 1198 1595 1258 Kutschen,
1623 1201 1731 1261 weiter
1754 1204 1824 1264 nach
1858 1202 1994 1262 Memel
2011 1205 2092 1265 fort.

1572 1348 1972 1408 AVERTISSEMENT.

1330 1405 1403 1465 Den
1434 1408 1526 1468 27ten
1563 1410 1704 1470 October
1729 1414 1875 1474 geschahe
1901 1416 1931 1476 zu
1968 1414 2084 1474 Berlin
2122 1419 2170 1479 die
2201 1419 2280 1479 14te

1274 1459 1421 1519 Ziehung
1450 1459 1501 1519 der
1524 1461 1666 1521 Königl.
1684 1464 1820 1524 Preuß.
1838 1464 1997 1524 Lotterie.
2049 1467 2129 1527 Die
2152 1470 2288 1530 heraus¬

1275 1509 1490 1569 gekommene
1513 1509 1699 1569 Nummern
1734 1512 1824 1572 sind:
1858 1513 1926 1573 61.
1961 1515 2005 1575 7.
2040 1518 2108 1578 51.
2142 1518 2187 1578 8.
2221 1525 2288 1585 35,

1281 1554 1354 1614 Die
1383 1557 1461 1617 15te
1485 1560 1631 1620 Ziehung
1666 1561 1841 1621 geschiehet
1865 1561 1892 1621 zu
1927 1562 2046 1622 Berlin
2080 1564 2136 1624 den
2182 1566 2278 1626 17ten

1275 1607 1372 1667 dieses
1399 1606 1566 1666 Monats,
1594 1609 1653 1669 und
1686 1610 1810 1670 werden
1849 1610 1897 1670 die
1924 1610 2097 1670 beliebigen
2136 1614 2281 1674 Einsätze

1277 1660 1304 1720 zu
1337 1652 1487 1712 selbiger,
1509 1655 1541 1715 so
1569 1655 1660 1715 wohl
1682 1653 1735 1713 bey
1763 1655 1860 1715 denen
1899 1658 2001 1718 Herrn
2039 1661 2287 1721 Einnehmern,

1277 1698 1328 1758 als
1349 1697 1421 1757 auch
1452 1694 1477 1754 im
1524 1697 1766 1757 Hauptcomtor
1798 1700 1869 1760 aufm
1921 1703 2112 1763 Roßgarten
2148 1708 2194 1768 bis
2226 1709 2261 1769 am

1280 1739 1348 1799 8ten
1381 1739 1477 1799 dieses
1505 1742 1767 1802 angenommen.

1325 1855 1398 1915 Dem
1442 1855 1584 1915 Publico
1609 1858 1689 1918 wird
1714 1860 1831 1920 hiemit
1850 1864 2059 1924 nachrichtlich
2091 1868 2226 1928 bekannt
2245 1872 2287 1932 ge=

1277 1906 1398 1966 macht:
1426 1908 1486 1968 daß
1515 1908 1569 1968 auf
1587 1912 1808 1972 eingegangne
1831 1915 2045 1975 Verordnung
2068 1918 2106 1978 E.
2118 1919 2283 1979 hochprßl.

1280 1957 1594 2017 Generalpostamts
1622 1957 1670 2017 die
1698 1960 1855 2020 Berliner
1883 1963 2029 2023 reitende
2057 1966 2143 2026 Post
2165 1966 2289 2026 präcise

1276 2005 1309 2065 um
1355 2005 1394 2065 12
1423 2005 1491 2065 Uhr
1520 2008 1673 2068 Mittags
1696 2009 1724 2069 in
1753 2011 1804 2071 den
1833 2014 2072 2074 gewöhnlichen
2101 2017 2276 2077 Posttagen

1274 2055 1414 2115 abgehen
1442 2055 1544 2115 wird;
1561 2055 1679 2115 dahero
1702 2058 1744 2118 die
1761 2060 1950 2120 sämmtliche
1972 2064 2134 2124 respective
2156 2067 2274 2127 Herren

1272 2103 1520 2163 Interessenten
1549 2103 1690 2163 ersuchet
1714 2107 1865 2167 werden,
1900 2111 1968 2171 ihre
2002 2112 2120 2172 Briefe
2149 2115 2284 2175 allemal

1272 2152 1329 2212 vor
1370 2151 1410 2211 10
1445 2151 1514 2211 Uhr
1544 2152 1595 2212 dem
1642 2155 1867 2215 Postcomtoir
1902 2161 2139 2221 einzuliefern,
2169 2166 2260 2226 indem

1278 2201 1346 2261 nach
1376 2199 1410 2259 10
1434 2202 1502 2262 Uhr
1526 2202 1607 2262 keine
1631 2204 1716 2264 mehr
1740 2208 1971 2268 angenommen
2001 2214 2121 2274 werden
2151 2216 2283 2276 können.

1280 2249 1510 2309 Königsberg,
1523 2251 1574 2311 den
1607 2255 1664 2315 18.
1683 2255 1760 2315 Oct.
1780 2256 1895 2316 1764.

1716 2306 1860 2366 Königl.
1881 2306 2012 2366 Preuß.
2033 2312 2282 2372 Hof=Postamt.

1284 2417 1617 2477 Wechsel-Cours
1645 2418 1658 2478 &
1708 2423 1860 2483 Species
1888 2426 1929 2486 d.
1951 2426 1992 2486 1.
2020 2428 2131 2488 Nov.
2152 2435 2283 2495 1764.

1278 2473 1462 2533 Amsterdam
1504 2470 1543 2530 41
1567 2468 1653 2528 Tage
1671 2474 1729 2534 306
1747 2478 1804 2538 gr.
1862 2474 1902 2534 71
1926 2476 2012 2536 Tage
2036 2482 2093 2542 304
2117 2487 2168 2547 gr.

1277 2523 1457 2583 Hamburg
1484 2518 1497 2578 3
1525 2520 1577 2580 W.
1598 2521 1658 2581 133
1679 2527 1738 2587 gr.

1832 2526 1843 2586 6
1874 2524 1932 2584 W.
1951 2527 2015 2587 132
2040 2533 2092 2593 gr.

1272 2569 1384 2629 Berlin

1764 2575 1913 2635 Dantzig
1952 2576 1990 2636 23
2024 2578 2073 2638 pr.
2085 2584 2167 2644 Cto.

1268 2623 1409 2683 Ducaten
1438 2618 1510 2678 neue
1534 2617 1544 2677 9
1568 2619 1601 2679 fl.
1613 2622 1624 2682 2
1647 2625 1697 2685 gr.

1857 2623 1991 2683 Alberts
2008 2629 2103 2689 Taler
2121 2633 2181 2693 129
2211 2636 2260 2696 gr.

1761 2673 1810 2733 Alt
1829 2673 1965 2733 Polnisch
1996 2679 2063 2739 Geld
2089 2681 2126 2741 11
2145 2682 2193 2742 pr.
2206 2682 2286 2742 Cto.

1278 2784 1372 2844 Diese
1390 2778 1525 2838 Gelehrte
1543 2781 1602 2841 und
1626 2785 1785 2845 Politische
1804 2787 1927 2847 Zeitung
1957 2790 2027 2850 wird
2051 2790 2098 2850 des
2122 2788 2280 2848 Montag¬

1373 2824 1427 2884 und
1458 2824 1611 2884 Freytags
1636 2829 1654 2889 in
1685 2829 1728 2889 dem
1765 2832 1961 2892 Kanterschen
1998 2832 2176 2892 Buchladen

1663 2873 1883 2933 ausgegeben.
