2479 3508
219 321 378 381 Hirten
413 321 585 381 gewesen,
625 318 676 378 als
705 318 842 378 welches
871 318 911 378 sie
946 318 1014 378 auch
1049 320 1077 380 zu
1118 318 1237 378 bleiben

229 372 384 432 gesonnen
412 371 500 431 sind,
529 369 589 429 und
618 366 645 426 so
668 369 728 429 wie
756 366 795 426 sie
823 366 961 426 zeithero
995 366 1067 426 ihre
1089 369 1239 429 Arbeiten

228 421 419 481 erkannt
452 419 579 479 haben;
606 416 637 476 so
659 416 813 476 erkennen
840 416 877 476 sie
909 416 1079 476 dieselbige
1107 416 1175 476 auch
1213 414 1260 474 je¬

227 468 283 528 tzo.
335 468 437 528 Darf
455 465 506 525 der
535 467 701 527 Jüngling
730 467 798 527 eine
822 467 936 527 bessere
954 466 1176 526 Empfehlung
1200 465 1256 525 ha¬

237 520 328 580 ben?
356 515 491 575 Hiemit
518 514 648 574 könnten
687 515 745 575 wir
778 515 892 575 unsere
914 515 1060 575 Anzeige
1088 515 1255 575 schließen,

235 569 328 629 wenn
358 566 416 626 wir
442 566 524 626 nicht
540 564 609 624 noch
639 563 682 623 ein
712 563 810 623 Wort
840 563 864 623 im
904 566 1090 626 Vertrauen
1121 566 1179 626 mit
1199 565 1257 625 un¬

239 616 298 676 sern
326 616 428 676 Lesern
450 616 477 676 zu
500 616 586 676 reden
619 613 744 673 hätten.
777 612 825 672 Es
853 613 912 673 hat
934 613 982 673 dem
1022 616 1173 676 Verleger
1201 611 1249 671 des

247 664 435 724 Jünglings
463 664 630 724 gedünkt,
658 664 714 724 daß
742 661 769 721 es
798 664 881 724 nicht
909 664 964 724 gut
987 664 1098 724 wäre,
1127 662 1181 722 daß
1210 664 1259 724 der

244 716 412 776 Jüngling
445 712 563 772 alleine
591 712 666 772 sey,
689 712 834 772 weshalb
873 712 899 772 er
927 712 981 772 ihm
1030 714 1094 774 eine
1117 712 1257 772 liebens¬

240 763 388 823 würdige
417 763 714 823 Königsbergische
743 763 937 823 Daphne
967 763 1018 823 zur
1047 763 1264 823 Gesellschaft

236 813 423 873 bestimmet
450 811 532 871 hat,
554 813 668 873 welche
695 811 720 871 in
758 810 866 870 kurzem
919 813 971 873 dem
1013 812 1159 872 Publico
1191 810 1258 870 eine

242 861 468 921 Verbeugung
496 861 620 921 machen
648 858 744 918 wird.
799 861 868 921 Uns
896 861 971 921 wird
1004 861 1058 921 bey
1091 861 1117 921 so
1145 859 1263 919 gestal¬

239 912 287 972 ten
320 912 450 972 Sachen
478 909 581 969 nichts
603 909 694 969 übrig
722 912 868 972 bleiben,
896 911 945 971 als
978 909 1091 969 unsere
1119 909 1259 969 kritische

237 962 361 1022 Hände
384 960 438 1020 auf
461 960 558 1020 dieses
580 958 678 1018 Paar
701 960 733 1020 zu
761 957 881 1017 legen,
908 957 968 1017 und
1001 957 1033 1017 es
1061 959 1094 1019 zu
1127 960 1262 1020 segnen.

242 1006 314 1066 Der
342 1010 514 1070 Jüngling
548 1004 648 1064 kostet
671 1006 698 1066 in
738 1004 788 1064 der
816 1004 1028 1064 Kanterschen
1056 1007 1262 1067 Buchhand¬

239 1058 313 1118 lung
345 1058 481 1118 allhier,
507 1056 568 1116 wie
594 1055 661 1115 auch
693 1052 717 1112 in
743 1050 867 1110 Elbing
892 1055 953 1115 und
980 1055 1097 1115 Mitau
1122 1058 1134 1118 4
1166 1058 1202 1118 fl.

476 1127 725 1187 Frankfurt
756 1127 814 1187 und
845 1127 1040 1187 Leipzig.

300 1173 450 1233 „Gesetze
476 1178 526 1238 des
551 1181 683 1241 Ordens
710 1178 759 1238 des
785 1178 1006 1238 jugendlichen
1031 1178 1264 1238 Vergnügens,

238 1227 445 1287 "entworfen
490 1228 549 1288 von
594 1228 823 1288 Eleonora
861 1227 1085 1287 Dauers,
1124 1225 1238 1285 1763.

242 1276 347 1336 Diese
369 1279 619 1339 Ordensgesetze
642 1278 753 1338 sollen,
782 1277 842 1337 wie
865 1278 925 1338 uns
954 1276 1003 1336 der
1026 1277 1153 1337 Schluß
1182 1276 1265 1336 nicht

242 1330 421 1390 undeutlich
449 1330 481 1390 zu
509 1328 667 1388 verstehen
695 1330 809 1390 giebt,
842 1327 1011 1387 satyrische
1033 1327 1169 1387 Striche
1202 1330 1267 1390 ent¬

241 1378 381 1438 halten,
412 1378 464 1438 die
496 1377 552 1437 der
579 1378 776 1438 Verfasser,
813 1378 891 1438 oder
923 1375 984 1435 wie
1011 1377 1084 1437 man
1121 1378 1193 1438 will
1214 1373 1229 1433 -

242 1425 291 1485 die
320 1426 513 1486 Verfasserin
542 1427 606 1487 mit
621 1428 706 1488 einer
728 1426 820 1486 tiefen
850 1427 1071 1487 Verbeugung
1100 1428 1157 1488 für
1186 1428 1250 1488 kein
1301 1443 1414 1503 „Zwey
1444 1450 1622 1510 Predigten
1651 1449 1700 1509 bey
1730 1450 1779 1510 dem
1823 1450 1965 1510 Wechsel
1987 1452 2094 1512 seines
2116 1452 2230 1512 Amtes
2259 1452 2315 1512 ge¬

246 1525 299 1585 den
336 1526 431 1586 Hrn.
458 1527 511 1587 von
543 1524 596 1584 S.
618 1525 644 1585 in
671 1524 707 1584 L.
735 1524 931 1584 eifersüchtig
963 1527 994 1587 zu
1027 1527 1185 1587 machen,
1212 1527 1254 1587 ein

249 1575 344 1635 Platz
366 1575 493 1635 unter
527 1574 595 1634 der
623 1575 755 1635 Linde
783 1575 915 1635 erlaubt
943 1575 1011 1635 ist;
1055 1575 1081 1635 so
1119 1575 1193 1635 mag
1231 1578 1262 1638 es

247 1625 300 1685 die
323 1625 392 1685 nach
420 1624 539 1684 Stand
567 1622 625 1682 und
653 1623 793 1683 Würden
821 1625 951 1685 geehrte
973 1622 1173 1682 Verfasserin
1206 1625 1265 1685 die¬

249 1673 372 1733 sesmal
394 1673 512 1733 gütigst
534 1672 714 1732 vergeben,
740 1670 797 1730 daß
824 1670 885 1730 wir
906 1670 1061 1730 derselben
1088 1670 1170 1730 nicht
1191 1673 1258 1733 nach

249 1718 296 1778 C.
313 1720 355 1780 8.
387 1718 524 1778 (Seite
556 1715 619 1775 7.)
657 1715 725 1775 die
778 1715 1042 1775 Autorhand
1091 1716 1265 1776 küssen;

246 1762 385 1822 sondern
418 1758 468 1818 ihr
492 1757 649 1817 vielmehr
682 1757 737 1817 das
770 1757 1081 1817 unverwehrte
1109 1757 1266 1817 Fläsch¬

246 1811 335 1871 chen
385 1807 463 1867 mit
506 1805 572 1865 Eau
621 1805 663 1865 de
700 1802 882 1862 lauande,
931 1804 972 1864 de
1021 1805 1148 1865 Carme
1191 1805 1263 1865 oder

251 1861 583 1921 Schlagwasser
620 1858 720 1918 wegen
751 1858 797 1918 der
828 1860 881 1920 von
911 1859 964 1919 ihr
977 1858 1190 1918 allenthalben
1220 1858 1267 1918 ge¬

244 1913 400 1973 äußerten
429 1910 585 1970 Kopfweh
613 1912 675 1972 und
698 1909 892 1969 Ohnmacht
910 1912 1099 1972 vorhalten,
1129 1912 1189 1972 und
1212 1912 1262 1972 ihr

242 1964 317 2024 kurz
340 1963 400 2023 und
428 1963 482 2023 gut
504 1960 630 2020 sagen,
652 1963 707 2023 daß
735 1960 772 2020 sie
794 1961 827 2021 zu
855 1961 958 2021 wenig
981 1960 1068 2020 Witz
1096 1960 1128 2020 zu
1156 1961 1265 2021 Saty=

242 2014 296 2074 ren
330 2014 458 2074 besitze,
486 2010 547 2070 und
581 2011 636 2071 daß
670 2011 719 2071 der
753 2008 864 2068 größte
887 2011 1020 2071 Vorzug
1054 2008 1143 2068 ihres
1176 2010 1265 2070 Pro¬

243 2061 323 2121 jekts
350 2061 402 2121 zum
441 2060 654 2120 Koffeeorden
686 2058 840 2118 darinnen
873 2058 1016 2118 bestehe,
1044 2058 1097 2118 daß
1124 2058 1155 2118 es
1183 2058 1246 2118 nich

247 2112 341 2172 mehr
364 2111 407 2171 als
436 2109 474 2169 17
502 2106 624 2166 Seiten
647 2108 729 2168 stark
752 2109 818 2169 sey.
869 2109 985 2169 Kostet
1007 2110 1029 2170 in
1063 2109 1262 2169 vorbemeld¬

245 2163 291 2223 ten
327 2162 539 2222 Kanterschen
569 2158 881 2218 Buchhandlungen
905 2157 916 2217 9
952 2159 1004 2219 gr.

605 2230 902 2290 Magdeburg.

305 2279 350 2339 Im
392 2279 507 2339 Verlag
530 2276 582 2336 des
606 2279 900 2339 Commercienrath
924 2279 1056 2339 Hechtel
1074 2279 1108 2339 ist
1126 2279 1264 2339 heraus¬

246 2330 464 2390 gekommen:
497 2324 619 2384 "Leben
652 2326 710 2386 und
737 2328 1009 2388 Begebenheiten
1042 2327 1089 2387 des
1116 2330 1265 2390 Englän¬

256 2376 353 2436 "ders
391 2377 556 2437 Joseph
600 2375 913 2435 Thompsons,
951 2380 1011 2440 aus
1049 2378 1104 2438 dem
1154 2378 1263 2438 Engl.

273 2430 442 2490 übersetzt,
466 2426 493 2486 in
522 2424 623 2484 8vo."
686 2423 770 2483 Wir
793 2425 849 2485 sind
878 2429 934 2489 nur
963 2426 1019 2486 erst
1042 2426 1070 2486 im
1110 2429 1267 2489 Stande,

242 2479 356 2539 unsern
384 2479 487 2539 Lesern
525 2476 579 2536 den
618 2471 710 2531 ersten
744 2473 842 2533 Theil
870 2476 967 2536 dieser
990 2476 1267 2536 Lebensbeschrei¬

244 2530 327 2590 bung
356 2527 578 2587 anzuzeigen,
607 2524 667 2584 und
690 2522 723 2582 es
752 2522 851 2582 fehlet
869 2524 930 2584 uns
958 2527 1052 2587 daher
1086 2527 1141 2587 das
1170 2527 1270 2587 aller¬

242 2580 353 2640 meiste
382 2581 437 2641 zur
465 2575 715 2635 Beurtheilung
750 2572 799 2632 des
833 2575 994 2635 Ganzen.
1062 2575 1139 2635 Der
1173 2575 1256 2635 Held

242 2629 344 2689 dieser
372 2628 556 2688 Geschichte
595 2626 730 2686 (welche
763 2620 817 2680 der
844 2623 936 2683 engl.
964 2626 1197 2686 Herausgeber
1225 2623 1251 2683 in

249 2679 302 2739 der
325 2676 476 2736 Vorrede
498 2674 552 2734 bey
580 2674 665 2734 Leibe
694 2671 796 2731 keinen
829 2670 958 2730 Roman
981 2673 1132 2733 genannt
1160 2673 1256 2733 haben

239 2726 339 2786 will,
361 2727 467 2787 damit
496 2724 567 2784 "die
590 2724 807 2784 Sittenlehre
841 2718 902 2778 nur
930 2723 1063 2783 überall
1087 2724 1270 2784 herausge¬

245 2775 360 2835 "zogen
402 2775 558 2835 werden,
582 2775 645 2835 und
687 2774 825 2834 kräftige
855 2769 912 2829 und
955 2772 1145 2832 dauerhafte
1181 2772 1267 2832 Ein¬

238 2821 374 2881 „drücke
418 2825 548 2885 machen
592 2824 752 2884 möge,)”
803 2820 846 2880 ist
877 2820 1001 2880 Joseph
1045 2823 1262 2883 Thompson,

243 2877 284 2937 ein
327 2881 466 2941 einziges
502 2876 683 2936 Söhnchen
726 2876 815 2936 eines
852 2873 1089 2933 Landpfarrern
1131 2876 1158 2936 in
1201 2878 1256 2938 der

1287 315 1487 375 Grafschaft
1511 318 1640 378 Yorck,
1671 318 1735 378 und
1765 319 1865 379 stellet
1889 318 1941 378 bey
1978 317 2030 377 dem
2078 318 2172 378 Ende
2202 321 2301 381 dieses

1290 366 1409 426 Theils
1436 366 1506 426 noch
1540 365 1598 425 erst
1631 366 1679 426 die
1708 366 1804 426 etwas
1843 369 2037 429 unwichtige
2060 366 2184 426 Person
2223 369 2308 429 eines

1285 413 1661 473 Kaufmannsburschen
1694 418 1773 478 vor,
1800 418 1853 478 der
1874 419 1942 479 noch
1975 418 2059 478 nicht
2087 416 2213 476 einmal
2230 415 2314 475 frey¬

1289 464 1472 524 gesprochen
1506 464 1652 524 worden.
1702 465 1809 525 Allein
1842 467 1891 527 die
1914 467 2000 527 Leser
2022 467 2136 527 müssen
2163 464 2222 524 nur
2250 464 2314 524 Ge¬

1292 515 1364 575 duld
1394 512 1518 572 haben,
1559 515 1615 575 und
1655 515 1700 575 sich
1735 515 1774 575 an
1809 515 1905 575 diesen
1940 518 2041 578 Theil
2070 518 2155 578 nicht
2184 514 2212 574 so
2241 514 2308 574 sehr

1290 563 1426 623 stoßen;
1464 563 1521 623 der
1548 563 1637 623 engl.
1664 565 1900 625 Herausgeber
1933 566 2106 626 verspricht
2133 566 2301 626 ungemein

1294 610 1364 670 viel
1380 610 1521 670 Gutes,
1549 610 1613 670 und
1641 612 1706 672 dies
1733 613 1815 673 wird
1842 614 1891 674 sich
1918 616 2010 676 wohl
2032 617 2130 677 gegen
2168 616 2222 676 das
2250 613 2319 673 En¬

1299 658 1331 718 de
1358 658 1433 718 desto
1461 661 1612 721 häufiger
1640 661 1737 721 finden
1770 664 1915 724 müssen,
1938 667 2062 727 jemehr
2095 667 2165 727 man
2203 662 2235 722 es
2268 663 2295 723 im

1293 709 1452 769 Anfange
1473 709 1621 769 gesparet
1637 713 1711 773 hat.
1759 715 1907 775 Alsdenn
1934 715 2034 775 hoffen
2067 715 2124 775 wir
2156 717 2209 777 das
2247 715 2315 775 ver¬

1291 760 1458 820 sprochene
1488 757 1636 817 "System
1679 763 1732 823 der
1757 764 1970 824 Sittenlehre
1995 765 2054 825 und
2079 763 2239 823 Tugend,
2263 766 2310 826 die

1322 807 1509 867 gehobelten
1549 810 1780 870 Charaktere,
1820 813 1869 873 die
1914 813 2024 873 schöne
2064 813 2284 873 Schreibart,

1294 858 1387 918 kurz,
1405 858 1482 918 alles
1505 861 1659 921 mögliche
1682 861 1820 921 Schöne
1843 860 1926 920 einer
1954 861 2153 921 Geschichte,
2176 864 2225 924 als
2248 864 2308 924 aus

1294 906 1380 966 einem
1424 907 1575 967 Füllhorn
1608 909 1662 969 auf
1685 909 1809 969 einmal
1831 912 1923 972 fallen
1951 912 1983 972 zu
2011 912 2130 972 sehen,
2157 914 2222 974 und
2255 912 2319 972 bit¬

1288 954 1337 1014 ten
1375 954 1511 1014 desfalls
1545 957 1571 1017 im
1615 957 1746 1017 Namen
1790 957 1899 1017 unsers
1927 961 2156 1021 Josephchen,
2184 962 2314 1022 welcher

1295 1004 1406 1064 bisher
1433 1004 1501 1064 noch
1528 1004 1612 1064 nicht
1634 1004 1755 1064 einmal
1777 1004 1861 1064 einen
1894 1005 1999 1065 Stock
2021 1010 2131 1070 trågt,
2164 1009 2221 1069 und
2248 1007 2317 1067 Ge¬

1290 1053 1351 1113 sell
1372 1052 1439 1112 ist,
1471 1052 1641 1112 besonders
1678 1052 1739 1112 mit
1771 1055 1823 1115 den
1865 1054 2071 1114 moralischen
2113 1058 2314 1118 Predigten,

1293 1100 1346 1160 die
1368 1100 1399 1160 er
1421 1099 1521 1159 seinem
1565 1103 1793 1163 ehrwürdigen
1820 1103 1915 1163 Hrn.
1932 1103 2038 1163 Vater
2060 1103 2128 1163 auch
2156 1105 2240 1165 nicht
2262 1106 2320 1166 im¬

1293 1148 1362 1208 mer
1384 1148 1468 1208 recht
1490 1151 1761 1211 nachgeschrieben
1793 1153 1894 1213 haben
1921 1151 2032 1211 mag,
2054 1151 2102 1211 als
2140 1151 2203 1211 mit
2230 1153 2314 1213 einer

1295 1197 1512 1257 Schulpraxi
1534 1199 1650 1259 vorlieb
1677 1201 1708 1261 zu
1735 1204 1893 1264 nehmen.
1931 1201 2042 1261 Kostet
2063 1201 2089 1261 in
2116 1204 2322 1264 vorbemeld¬

1297 1252 1344 1312 ten
1374 1249 1580 1309 Kanterschen
1611 1255 1918 1315 Buchhandlungen
1949 1255 1990 1315 24
2014 1255 2066 1315 gr.

1652 1351 1963 1411 Magdeburg.

1343 1399 1415 1459 Bey
1443 1399 1738 1459 Commercienrath
1766 1402 1893 1462 Hechtel
1910 1402 1944 1462 ist
1972 1402 2316 1462 herausgekommen:

253 1476 416 1536 Pasquill
432 1476 459 1536 zu
489 1476 588 1536 halten
625 1476 732 1536 bittet.
776 1476 889 1536 Wenn
919 1476 975 1536 uns
1005 1476 1162 1536 indessen,
1177 1477 1262 1537 ohne
1299 1500 1470 1560 „halten,
1507 1500 1571 1560 und
1600 1498 1656 1558 auf
1686 1500 1871 1560 Verlangen
1908 1500 1965 1560 zum
2016 1500 2129 1560 Druck
2152 1502 2315 1562 befördert

1297 1542 1379 1602 „von
1413 1548 1627 1608 Friedrich
1661 1548 1788 1608 Ernst
1817 1548 2048 1608 Wilmsen,
2082 1551 2197 1611 dritten
2231 1551 2319 1611 Pre¬

1307 1595 1413 1655 "diger
1437 1596 1487 1656 der
1515 1596 1944 1656 evangelisch-reformirten
1972 1599 2130 1659 Gemeine
2153 1599 2180 1659 zu
2209 1599 2316 1659 Mag¬

1306 1643 1481 1703 "deburg."
1542 1641 1627 1701 Das
1653 1643 1909 1703 Avertissement
1930 1643 1990 1703 vor
2021 1646 2116 1706 diesen
2157 1646 2212 1706 auf
2237 1646 2322 1706 Ver¬

1297 1690 1411 1750 langen
1440 1688 1492 1748 zum
1536 1688 1646 1748 Druck
1670 1688 1866 1748 beförderten
1900 1691 2307 1751 Gelegenheitspredigten

1297 1733 1354 1793 hat
1378 1730 1464 1790 keine
1489 1730 1541 1790 von
1570 1730 1622 1790 den
1652 1730 1732 1790 sonst
1752 1733 1991 1793 gewöhnlichen
2016 1736 2245 1796 Aufschriften,
2260 1739 2308 1799 als

1304 1775 1335 1835 da
1367 1775 1456 1835 sind:
1478 1775 1695 1835 Vorbericht,
1722 1778 1870 1838 Vorrede
1897 1781 1954 1841 und
1981 1784 2198 1844 desgleichen.
2252 1787 2320 1847 Hr.

1306 1826 1468 1886 Prediger
1499 1826 1709 1886 Wilmsen
1746 1828 1818 1888 will
1831 1833 2029 1893 ohnfehlbar
2054 1837 2101 1897 ein
2138 1837 2313 1897 bekanntes

1299 1880 1635 1940 Rednerstratagem,
1657 1884 1733 1944 nach
1761 1885 1885 1945 welchem
1929 1887 1999 1947 man
2027 1887 2081 1947 den
2108 1891 2254 1951 Zuhörer
2282 1891 2308 1951 zu

1294 1932 1500 1992 überraschen
1528 1933 1633 1993 sucht,
1656 1935 1750 1995 gleich
1773 1933 1807 1993 zu
1835 1936 1985 1996 Anfange
2008 1938 2107 1998 seiner
2130 1939 2319 1999 Abschieds¬

1301 1981 1362 2041 und
1389 1981 1641 2041 Antrittsworte
1662 1984 1873 2044 anbringen,
1900 1985 1935 2045 um
1982 1987 2033 2047 den
2070 1987 2235 2047 geneigten
2266 1987 2317 2047 Le¬

1302 2025 1343 2085 ser
1368 2030 1414 2090 für
1439 2030 1486 2090 sich
1516 2031 1771 2091 einzunehmen.
1808 2031 1854 2091 Er
1879 2032 1973 2092 fängt
1998 2034 2021 2094 eh
2052 2034 2122 2094 man
2153 2034 2223 2094 sichs
2248 2034 2318 2094 ver¬

1301 2080 1376 2140 sieht
1399 2079 1430 2139 an
1464 2079 1479 2139 ”
1502 2079 1680 2139 Geistliche
1702 2082 1843 2142 Reden,
1870 2082 1929 2142 und
1963 2084 2195 2144 insbesondere
2218 2085 2320 2145 Gele¬

1301 2127 1623 2187 genheitspredigten
1661 2129 1750 2189 durch
1782 2130 1835 2190 den
1873 2133 1983 2193 Druck
2016 2136 2158 2196 bekannt
2185 2136 2211 2196 zu
2248 2135 2316 2195 ma¬

1293 2178 1360 2238 chen
1392 2178 1465 2238 kann
1497 2175 1663 2235 schwerlich
1690 2178 1710 2238 in
1737 2178 1847 2238 unsern
1873 2181 1977 2241 Tagen
2004 2184 2118 2244 irgend
2140 2184 2306 2244 jemanden

1294 2228 1385 2288 mehr
1413 2226 1440 2286 in
1468 2226 1516 2286 den
1544 2226 1711 2286 Verdacht
1728 2229 1782 2289 der
1804 2229 1955 2289 Eitelkeit
1972 2231 2135 2291 bringen,
2157 2234 2194 2294 da
2222 2234 2308 2294 wohl

1295 2276 1398 2336 nichts
1425 2273 1621 2333 natuͤrlicher
1648 2275 1668 2335 im
1705 2279 1840 2339 Voraus
1866 2279 1897 2339 zu
1928 2279 2078 2339 erwarten
2110 2282 2218 2342 stehet,
2229 2282 2301 2342 denn

1295 2327 1353 2387 daß
1391 2324 1486 2384 solche
1519 2324 1545 2384 in
1583 2324 1630 2384 dem
1679 2327 1795 2387 Meere
1828 2327 1880 2387 von
1923 2326 2093 2386 Schriften
2131 2330 2226 2390 dieser
2248 2332 2311 2392 Art

1302 2376 1373 2436 eben
1402 2375 1429 2435 so
1451 2375 1567 2435 schnell
1595 2374 1644 2434 als
1678 2378 1811 2438 tausend
1844 2378 1932 2438 ihres
1966 2378 2098 2438 gleichen
2132 2379 2314 2439 versinken.

1299 2423 1372 2483 Sie
1407 2426 1502 2486 haben
1543 2423 1616 2483 aber
1650 2424 1723 2484 auch
1752 2428 1853 2488 davor
1882 2426 1955 2486 ihre
1978 2426 2080 2486 ganze
2109 2430 2238 2490 Absicht
2267 2432 2311 2492 er¬

1293 2476 1412 2536 reicht,
1438 2473 1526 2533 wenn
1558 2470 1593 2530 sie
1615 2470 1666 2530 dem
1708 2474 1821 2534 Kreise
1843 2476 1894 2536 von
1926 2473 2117 2533 Personen,
2154 2478 2210 2538 vor
2237 2479 2314 2539 wel¬

1294 2522 1358 2582 chen
1386 2524 1424 2584 sie
1446 2523 1608 2583 eigentlich
1636 2522 1809 2582 entworfen
1837 2527 1961 2587 worden
1995 2526 2108 2586 (dieser
2130 2531 2222 2591 Kreis
2245 2533 2298 2593 von

1299 2575 1465 2635 Personen
1493 2572 1531 2632 ist
1554 2572 1576 2632 im
1615 2575 1875 2635 gegenwärtigen
1898 2575 1969 2635 Fall
1987 2575 2031 2635 die
2054 2579 2225 2639 christliche
2248 2580 2314 2640 Ge¬

1297 2623 1404 2683 meine
1422 2623 1472 2683 der
1495 2621 1603 2681 Kirche
1626 2620 1676 2680 des
1700 2623 1813 2683 großen
1843 2626 1978 2686 Königl.
1990 2629 2251 2689 Waysenhauses
2274 2629 2302 2689 zu

1299 2673 1488 2733 Potsdam,
1516 2669 1575 2729 und
1603 2667 1651 2727 die
1674 2670 1722 2730 der
1744 2674 2075 2734 deutschreformirten
2108 2679 2134 2739 zu
2168 2676 2314 2736 Magde¬

1296 2721 1399 2781 burg)
1427 2719 1502 2779 dazu
1541 2716 1650 2776 dienen
1689 2723 1786 2783 ihnen
1825 2724 1879 2784 das
1907 2725 2076 2785 Andenken
2115 2727 2169 2787 der
2197 2726 2316 2786 Feyer=

1294 2770 1444 2830 lichkeit,
1467 2768 1522 2828 bey
1545 2768 1656 2828 welche
1679 2771 1717 2831 sie
1741 2773 1885 2833 gehalten
1913 2775 2041 2835 wurden
2070 2775 2181 2835 länger
2204 2773 2231 2833 zu
2270 2772 2314 2832 er=

1292 2822 1428 2882 halten,
1457 2817 1513 2877 und
1543 2817 1588 2877 die
1612 2823 1708 2883 dabey
1738 2823 1873 2883 gehabte
1898 2826 2080 2886 Erbauung
2109 2820 2200 2880 ihren
2229 2817 2314 2877 Gei=

1293 2873 1371 2933 stern
1400 2873 1428 2933 zu
1457 2870 1693 2930 wiederholen.
1737 2876 1830 2936 Dies
1859 2876 1894 2936 ist
1917 2876 1987 2936 denn
2017 2875 2088 2935 auch
2117 2869 2159 2929 die
2182 2868 2302 2928 einzige

2158 2919 2303 2979 Absicht
