2479 3508
353 330 495 390 Johann
527 321 668 381 Philipp
695 318 821 378 Lorenz
848 318 994 378 Withof.

212 375 249 435 Er
274 377 360 437 mahlt
381 373 427 433 mit
448 362 691 422 nachdrucksvollen
716 360 803 420 Zügen

216 419 276 479 Der
297 415 383 475 ächten
409 407 515 467 Wollust
536 403 648 463 Werth,
664 400 704 460 der
731 401 837 461 Sinnen
863 398 934 458 falsch
960 401 1137 461 Vergnügen.

446 464 587 524 Johann
628 463 739 523 Jacob
780 461 906 521 Dusch.

227 520 289 580 Das
316 512 397 572 ernste
420 509 585 569 Lehrgedicht
608 506 662 566 war
684 505 765 565 seiner
788 506 859 566 Töne
882 506 980 566 werth,

224 557 301 617 Doch
328 552 370 612 hat
391 551 432 611 den
459 548 557 608 sanften
584 545 688 605 Scherz
704 545 745 605 die
767 547 845 607 Mus'
861 548 897 608 ihm
934 548 991 608 auch
1017 548 1121 608 gelehrt

494 601 561 661 von
602 604 848 664 Gerstenberg.

290 650 386 710 Durch
411 648 477 708 seine
497 646 646 706 Tändeleyn

294 690 384 750 Weckt
403 689 425 749 er
449 688 571 748 Citharen
600 686 663 746 auf,
681 685 727 745 und
755 685 818 745 singt
837 687 919 747 Lyäen
946 690 996 750 ein.

560 750 598 810 F.
632 747 675 807 G.
704 745 800 805 Rost.

353 792 402 852 Ein
430 792 574 852 Mädgen,
592 790 637 850 das
665 790 732 850 nicht
755 794 849 854 Rosten
872 795 939 855 liest,

356 830 433 890 Weis
461 831 548 891 nicht,
576 831 626 891 wer
649 831 668 891 la
695 831 828 891 Fontaine
852 835 892 895 ist,

388 886 547 946 Abraham
595 888 770 948 Gotthelf
803 890 963 950 Kästner.

229 938 327 998 Satyr
349 936 393 996 und
416 936 500 996 feiner
523 933 616 993 Sport
634 932 718 992 belebt
741 933 785 993 sein
816 933 1007 993 Sinngedicht,

231 976 293 1036 Das
322 978 365 1038 nur
389 978 433 1038 den
457 975 553 1035 Weisen
583 975 673 1035 krönt,
693 972 741 1032 und
766 972 813 1032 nur
833 974 876 1034 den
905 975 1006 1035 Thoren
1031 975 1112 1035 sticht.

427 1129 626 1189 Berlin,
670 1130 726 1190 den
770 1132 814 1192 4.
839 1130 932 1190 Dec.

223 1180 315 1240 Ihro
339 1181 483 1241 Königl.
501 1179 646 1239 Hoheit,
670 1177 716 1237 die
740 1181 920 1241 Gemahlin
949 1178 1001 1238 des
1031 1181 1175 1241 Prinzen

157 1228 343 1288 Heinrichs
376 1228 519 1288 Königl.
546 1225 690 1285 Hoheit,
722 1225 785 1285 sind
818 1228 876 1288 aus
909 1228 1100 1288 Reinsberg
1132 1228 1185 1288 zu¬

165 1276 239 1336 rück
260 1273 466 1333 gekommen,
493 1273 561 1333 Se.
578 1273 720 1333 Königl.
737 1276 879 1336 Hoheit,
900 1273 995 1333 Dero
1022 1276 1180 1336 Gemahl,

172 1326 233 1386 sind
265 1323 321 1383 von
358 1321 523 1381 gedachtem
576 1321 766 1381 Reinsberg
808 1324 880 1384 nach
917 1324 1175 1384 Braunschweig

170 1372 403 1432 abgegangen,
430 1369 467 1429 um
504 1369 551 1429 bey
578 1371 631 1431 der
653 1372 801 1432 Durchl.
818 1372 1172 1432 Braunschweigischen

166 1424 356 1484 Herrschaft
384 1419 470 1479 einen
504 1419 629 1479 Besuch
662 1422 880 1482 abzustatten.
957 1419 1093 1479 Gestern
1126 1418 1174 1478 des

165 1471 301 1531 Abends
332 1468 469 1528 machten
510 1467 560 1527 die
586 1470 667 1530 inn-
694 1470 759 1530 und
790 1470 1039 1530 ausländischen
1070 1468 1186 1528 Mini¬

171 1523 248 1583 sters
276 1520 336 1580 und
364 1518 414 1578 der
437 1518 513 1578 hohe
541 1518 623 1578 Adel
646 1515 690 1575 die
713 1518 801 1578 Cour
823 1518 878 1578 bey
901 1518 1061 1578 gedachter
1083 1516 1171 1576 Ihro

166 1572 315 1632 Königl.
333 1566 471 1626 Hoheit,
500 1566 549 1626 der
572 1566 755 1626 Prinzeßin
778 1566 949 1626 Heinrich,
972 1566 1028 1626 bey
1051 1564 1178 1624 welcher

158 1621 230 1681 auch
259 1619 309 1679 der
332 1619 404 1679 noch
438 1616 505 1676 hier
528 1618 718 1678 befindliche
746 1616 975 1676 Holländische
998 1615 1183 1675 Gesandte,

155 1670 249 1730 Herr
272 1669 328 1729 von
362 1669 676 1729 Meinertshagen,
710 1670 804 1730 durch
839 1670 894 1730 den
928 1667 1062 1727 hiesigen
1096 1664 1180 1724 Hol¬

168 1721 344 1781 ländischen
375 1721 587 1781 Gesandten,
612 1724 717 1784 Herrn
747 1721 800 1781 von
830 1721 977 1781 Verelst,
1008 1721 1184 1781 vorgestel¬

156 1775 207 1835 let
246 1775 379 1835 wurde.

437 1813 597 1873 Wien,
624 1817 684 1877 vom
732 1817 798 1877 14.
825 1817 925 1877 Nov.

213 1858 297 1918 Der
317 1856 408 1916 Herr
428 1855 545 1915 Baron
578 1855 636 1915 von
669 1854 877 1914 Rebentisch,
911 1852 1092 1912 gewesener
1113 1849 1184 1909 Ge¬

167 1912 260 1972 neral
283 1909 305 1969 in
339 1903 555 1963 Preußischen
583 1900 765 1960 Diensten,
788 1900 826 1960 ist
845 1900 938 1960 dieser
961 1900 1066 1960 Tagen
1088 1900 1171 1960 durch

171 1959 340 2019 Schlesien
369 1951 482 2011 allhier
505 1950 730 2010 eingetroffen,
754 1948 815 2008 wie
844 1948 877 2008 es
906 1951 1019 2011 heißt,
1053 1951 1081 2011 so
1104 1951 1177 2011 geht

167 2011 195 2071 er
219 2010 277 2070 mit
301 2002 481 2062 Erlaubniß
510 1999 597 2059 Ihro
633 2001 731 2061 Maj.
749 2001 801 2061 des
825 2002 975 2062 Königs,
999 1999 1022 2059 in
1052 1999 1185 2059 Portu¬

170 2058 295 2118 gisische
326 2050 476 2110 Dienste,
495 2048 554 2108 wie
579 2048 609 2108 er
633 2050 705 2110 denn
736 2050 807 2110 auch
838 2052 916 2112 seine
935 2051 1024 2111 Reise
1043 2052 1169 2112 morgen

168 2113 240 2173 nach
270 2103 409 2163 Lissabon
438 2097 583 2157 antreten
612 2098 707 2158 wird.

393 2150 601 2210 London,
632 2148 691 2208 vom
751 2151 816 2211 16.
847 2154 947 2214 Nov.

208 2206 270 2266 Da
299 2200 344 2260 die
367 2199 589 2259 diesjährigen
623 2199 868 2259 Pferderennen
903 2203 1073 2263 geendiget
1102 2202 1181 2262 sind,

174 2262 202 2322 so
226 2257 277 2317 kam
318 2251 370 2311 der
394 2249 521 2309 Herzog
551 2246 608 2306 von
637 2246 857 2306 Cumberland
887 2254 1026 2314 gestern,
1044 2252 1176 2312 ziemlich

174 2356 294 2416 vorher
318 2350 455 2410 übergab
496 2347 548 2407 der
577 2345 657 2405 über
687 2347 790 2407 Paris
825 2349 894 2409 hier
929 2351 1182 2411 angekommene

173 2404 430 2464 Chursächsische
461 2396 761 2456 ausserordentliche
793 2401 976 2461 Gesandte,
1001 2401 1093 2461 Graf
1118 2399 1172 2459 von

166 2455 309 2515 Brühl,
332 2450 387 2510 dem
426 2446 553 2506 Könige
587 2443 647 2503 sein
682 2447 853 2507 Creditiv,
881 2449 1024 2509 wornach
1064 2449 1091 2509 er
1119 2449 1180 2509 mit

172 2551 377 2611 Staatsrath
405 2545 460 2605 hat
483 2545 504 2605 in
533 2542 627 2602 diesen
655 2545 760 2605 Tagen
788 2548 838 2608 die
861 2547 993 2607 Ursache
1011 2545 1060 2605 der
1077 2545 1182 2605 Theu¬

169 2602 251 2662 rung
278 2599 328 2659 der
355 2593 586 2653 Lebensmittel
606 2593 811 2653 untersucht,
831 2599 888 2659 und
908 2598 939 2658 da
966 2596 998 2656 er
1018 2596 1171 2656 gefunden

164 2651 226 2711 daß
255 2643 384 2703 dieselbe
413 2643 503 2703 guten
538 2641 656 2701 Theils
691 2643 742 2703 den
776 2646 1065 2706 gewinnsüchtigen
1094 2646 1183 2706 Auf=
1212 2646 1348 2706 Ringe,
1371 2646 1433 2706 und
1462 2649 1506 2709 die
1530 2647 1739 2707 Churfürstl.
1757 2645 1914 2705 Hofkuche
1944 2645 2000 2705 und
2029 2646 2136 2706 Keller
2159 2646 2215 2706 mit

173 2697 303 2757 käufern
333 2691 569 2751 zuzuschreiben
599 2688 652 2748 ist,
676 2690 699 2750 so
723 2694 782 2754 hat
801 2694 829 2754 er
854 2697 901 2757 sich
931 2697 1001 2757 nach
1025 2694 1072 2754 den
1102 2694 1184 2754 Mit¬

167 2754 224 2814 teln
254 2743 463 2803 umgesehen,
487 2739 585 2799 diesem
627 2739 725 2799 Uebel
749 2746 958 2806 abzuhelfen,
982 2742 1109 2802 welches
1133 2742 1179 2802 de¬

169 2803 214 2863 sto
238 2797 388 2857 nöthiger
412 2790 544 2850 gewesen
574 2787 631 2847 ist,
655 2788 701 2848 als
725 2790 782 2850 das
806 2796 892 2856 Volk
916 2796 950 2856 an
974 2794 1089 2854 einigen
1119 2793 1181 2853 Or¬

1589 310 1635 370 J.
1667 311 1702 371 A.
1734 310 1858 370 Ebert.

1277 352 1343 412 Von
1370 353 1476 413 gleicher
1499 353 1675 413 Dichterglut
1694 351 1733 411 als
1756 354 1848 414 Young
1875 354 1946 414 selbst
1964 357 2114 417 angefacht,

1277 389 1339 449 Gab
1365 389 1448 449 Ebert
1470 389 1516 449 uns
1541 389 1583 449 des
1608 389 1717 449 Britten
1743 388 1797 448 Lied
1818 389 1839 449 in
1868 390 1994 450 deutscher
2020 396 2128 456 Tracht.

1266 462 1321 522 Da
1355 464 1404 524 die
1427 464 1587 524 Schönen
1621 461 1731 521 unsers
1771 464 1992 524 Vaterlandes
2026 469 2086 529 mit
2120 475 2219 535 diesen

1218 515 1480 575 preiswürdigen
1512 515 1641 575 Namen
1672 512 1883 572 vollkommen
1915 518 2059 578 bekannt
2085 521 2178 581 sind,
2199 526 2224 586 se

1216 569 1348 629 nehmen
1381 563 1444 623 wir
1466 563 1524 623 uns
1551 565 1620 625 blos
1647 563 1694 623 die
1716 563 1896 623 Freyheit,
1918 566 1955 626 sie
1982 568 2013 628 an
2041 569 2109 629 jene
2131 572 2231 632 Köni¬

1218 617 1270 677 gin
1313 613 1339 673 zu
1382 613 1555 673 erinnern,
1582 613 1629 673 die
1661 613 1713 673 dem
1767 613 1904 673 Munde
1942 612 2031 672 eines
2068 619 2226 679 Dichters

1216 664 1303 724 einen
1335 664 1402 724 Kuß
1428 661 1635 721 aufdrückte,
1661 661 1739 721 weil
1755 661 1786 721 er
1807 661 1832 721 in
1859 663 1946 723 einer
1967 661 2107 721 Stunde
2139 670 2226 730 mehr

1218 712 1331 772 Gutes
1358 712 1383 772 zu
1415 714 1502 774 sagen
1528 712 1554 772 im
1596 712 1735 772 Stande
1756 712 1859 772 wäre,
1880 712 1926 772 als
1952 712 2097 772 mancher
2123 718 2226 778 Prinz

1217 765 1250 825 in
1278 765 1361 825 einem
1400 763 1527 823 Jahre.
1578 762 1743 822 Schade,
1772 763 1821 823 daß
1855 760 1948 820 dieses
1971 760 2070 820 Wort
2099 763 2148 823 der
2171 763 2231 823 Er¬

1221 813 1379 873 innerung
1406 813 1463 873 aus
1496 812 1580 872 einer
1601 813 1706 873 Fabel
1723 813 1791 873 ist!
1849 809 1939 869 Jede
1966 807 2018 867 von
2055 812 2107 872 den
2135 813 2229 873 Neu¬

1219 861 1500 921 jahrsgeschenken
1533 861 1625 921 kostet
1652 861 1679 921 in
1717 861 1765 921 der
1793 859 1998 919 Kanterschen
2026 861 2231 921 Buchhand¬

1212 915 1292 975 lung
1320 912 1450 972 allhier,
1461 912 1520 972 wie
1542 912 1613 972 auch
1635 910 1656 970 in
1684 910 1797 970 Elbing
1825 912 1878 972 und
1901 909 2009 969 Mitau
2037 909 2058 969 in
2086 911 2231 971 Sammt

1220 966 1439 1026 eingebunden
1468 966 1479 1026 4
1509 966 1549 1026 fl.
1572 966 1635 1026 und
1659 966 1682 1026 in
1711 963 1849 1023 Saffian
1879 963 1890 1023 2
1919 963 1953 1023 fl.
1977 963 2011 1023 15
2041 963 2086 1023 gr.

1217 1130 1266 1190 die
1289 1133 1517 1193 ausgestreute
1534 1130 1728 1190 Abdankung
1756 1129 1811 1189 bey
1835 1127 1890 1187 den
1918 1124 2140 1184 Landtruppen
2163 1123 2223 1183 eine

1216 1181 1417 1241 Erdichtung
1444 1178 1578 1238 gewesen
1610 1178 1666 1238 ist,
1698 1177 1775 1237 denn
1812 1175 1842 1235 es
1874 1172 1956 1232 wird
1983 1172 2040 1232 itzo
2071 1172 2148 1232 stark
2180 1172 2231 1232 ge¬

1217 1228 1369 1288 worben,
1395 1228 1433 1288 um
1473 1226 1522 1286 die
1547 1225 1625 1285 alten
1661 1222 1852 1282 Soldaten,
1882 1219 1995 1279 welche
2030 1219 2079 1279 der
2109 1217 2231 1277 Wohl¬

1219 1276 1326 1336 thaten
1365 1275 1418 1335 der
1451 1273 1640 1333 Hospitäler
1674 1270 1825 1330 geniessen
1858 1267 1966 1327 sollen,
2004 1267 2096 1327 durch
2124 1267 2225 1327 junge

1221 1321 1471 1381 Mannschaften
1504 1321 1535 1381 zu
1563 1321 1711 1381 ersetzen.
1760 1320 1840 1380 Bey
1872 1315 1962 1375 einem
2011 1315 2128 1375 grossen
2160 1317 2229 1377 Ra¬

1211 1372 1284 1432 the,
1311 1371 1364 1431 der
1385 1372 1565 1432 vorgestern
1602 1369 1634 1429 zu
1671 1369 1744 1429 St.
1766 1369 1893 1429 James
1925 1364 2067 1424 gehalten
2100 1366 2226 1426 wurde,

1216 1419 1323 1479 waren
1350 1419 1401 1479 der
1422 1419 1499 1479 Lord
1525 1419 1685 1479 Kanzler,
1711 1416 1762 1476 der
1783 1416 1917 1476 Richter
1938 1413 2046 1473 Pratt
2062 1413 2123 1473 und
2149 1415 2226 1475 eini¬

1212 1469 1249 1529 ge
1271 1469 1324 1529 der
1347 1468 1465 1528 grösten
1492 1467 1778 1527 Rechtsgelehrten
1806 1463 1967 1523 zugegen.
2016 1461 2102 1521 Man
2135 1464 2226 1524 glau¬

1216 1517 1268 1577 bet
1285 1518 1401 1578 daher,
1428 1518 1480 1578 daß
1507 1518 1638 1578 dieselbe
1670 1517 1717 1577 die
1744 1512 1997 1572 Achterklärung
2030 1509 2082 1569 des
2109 1512 2214 1572 Herrn

1209 1566 1341 1626 Wilkes
1364 1565 1513 1625 betroffen
1552 1566 1651 1626 habe.
1724 1564 1806 1624 Das
1840 1563 2149 1623 Compagnieschiff,
2172 1562 2221 1622 die

1208 1614 1373 1674 Glatton,
1400 1613 1436 1673 ist
1464 1613 1521 1673 von
1554 1613 1660 1673 China
1697 1611 1756 1671 auf
1783 1612 1835 1672 der
1862 1610 2000 1670 Themse
2027 1610 2229 1670 angelangt.

1212 1666 1287 1726 Die
1309 1664 1513 1724 Compagnie
1541 1662 1696 1722 erwartet
1714 1661 1724 1721 2
1752 1661 1870 1721 andere
1892 1657 2021 1717 Schiffe
2048 1659 2102 1719 von
2129 1658 2226 1718 Ben¬

1212 1718 1330 1778 galen,
1354 1718 1415 1778 und
1444 1718 1494 1778 ist,
1518 1715 1585 1775 sagt
1603 1715 1693 1775 man,
1716 1715 1834 1775 darauf
1857 1712 2004 1772 bedacht,
2028 1711 2100 1771 ihre
2118 1710 2225 1770 Hand¬

1211 1772 1290 1832 lung
1328 1769 1401 1829 nach
1439 1769 1491 1829 den
1523 1769 1649 1829 Orten,
1682 1768 1729 1828 wo
1767 1766 1814 1826 die
1841 1766 2036 1826 innerlichen
2068 1763 2216 1823 Unruhen

1216 1817 1275 1877 von
1306 1816 1436 1876 Persien
1472 1818 1602 1878 dieselbe
1622 1817 1848 1877 unterbrochen
1878 1815 2003 1875 hatten,
2029 1814 2144 1874 wieder
2165 1813 2229 1873 her¬

1210 1855 1381 1915 zustellen.
1435 1853 1506 1913 Die
1526 1855 1727 1915 Neuigkeit,
1751 1853 1808 1913 daß
1842 1855 1894 1915 der
1928 1852 2115 1912 regierende
2135 1856 2230 1916 Graf

1214 1900 1273 1960 von
1301 1900 1657 1960 Schaumburg=Lippe
1679 1900 1792 1960 50000
1825 1899 1938 1959 Pfund
1960 1900 1986 1960 in
2014 1900 2067 1960 den
2095 1906 2224 1966 Englis.

1217 1950 1324 2010 Fonds
1352 1951 1503 2011 angelegt
1531 1951 1638 2011 hätte,
1661 1950 1698 2010 ist
1726 1951 1969 2011 ungegründet.
2019 1953 2061 2013 Zu
2100 1954 2218 2014 Oxford

1213 2001 1255 2061 ist
1274 1999 1329 2059 den
1360 2001 1427 2061 5ten
1459 2002 1575 2062 dieses,
1601 2002 1692 2062 frühe
1730 2002 1766 2062 um
1810 2002 1827 2062 4
1865 2004 1933 2064 Uhr
1964 2002 2007 2062 ein
2044 1999 2209 2059 Erdbeben

1216 2049 1375 2109 gewesen.

1452 2097 1641 2157 München,
1667 2098 1724 2158 vom
1776 2097 1838 2157 15.
1864 2097 1965 2157 Nov.

1262 2151 1348 2211 Seit
1378 2151 1430 2211 dem
1483 2153 1552 2213 6ten
1594 2151 1692 2211 dieses
1722 2149 1786 2209 sind
1828 2150 1938 2210 unsere
1962 2146 2084 2206 höchste
2119 2148 2223 2208 Herr¬

1213 2202 1369 2262 schaften,
1397 2202 1450 2262 bey
1478 2202 1531 2262 dem
1575 2200 1672 2260 besten
1694 2199 1867 2259 Wohlseyn
1895 2196 1948 2256 von
1976 2199 2208 2259 Straubingen

1212 2252 1539 2312 zurückgekommen.
1585 2250 1663 2310 Des
1687 2249 1799 2309 Röm.
1822 2249 1951 2309 Königs
1986 2249 2087 2309 Maj.
2110 2249 2206 2309 haben

173 2307 291 2367 wieder
326 2300 540 2360 hergestellet,
563 2297 619 2357 von
659 2298 868 2358 Neumarket
885 2303 1014 2363 zurück.
1060 2300 1172 2360 Tages
1219 2302 1314 2362 alda,
1337 2303 1488 2363 während
1512 2303 1585 2363 dero
1614 2303 1816 2363 Ausenthalt
1839 2300 1867 2360 im
1913 2300 2121 2360 Churfürstl.
2139 2300 2228 2360 Hof¬

1208 2351 1314 2411 lager,
1336 2351 1394 2411 das
1422 2351 1607 2411 Incognito
1640 2350 1848 2410 beobachtet,
1870 2350 1933 2410 und
1966 2348 2018 2408 bey
2051 2348 2125 2408 dero
2152 2348 2221 2408 Ab¬

1217 2399 1292 2459 reise
1314 2399 1362 2459 den
1395 2401 1601 2461 Churfürstl.
1623 2402 1969 2462 Conferenzminister,
1997 2395 2126 2455 Grafen
2154 2396 2213 2456 von

1213 2449 1469 2509 Baumgarten,
1495 2451 1555 2511 mit
1576 2452 1661 2512 einer
1687 2451 1747 2511 mit
1768 2449 1954 2509 Brillanten
1985 2444 2126 2504 besetzten
2156 2447 2221 2507 gol¬

171 2498 251 2558 Sr.
268 2497 429 2557 Majestät
451 2493 628 2553 Ministern
656 2493 682 2553 in
715 2498 941 2558 Unterredung
963 2497 1049 2557 war.
1098 2495 1172 2555 Der
1217 2497 1313 2557 denen
1341 2497 1540 2557 Tabatiere,
1562 2499 1615 2559 den
1643 2498 1766 2558 Grafen
1799 2496 1949 2556 Norbert
1972 2494 2025 2554 von
2052 2494 2219 2554 Törring,

1206 2548 1270 2608 und
1297 2548 1349 2608 den
1377 2548 1462 2608 Vice
1473 2551 1808 2611 =Oberjägermeister,
1836 2545 1947 2605 Baron
1980 2542 2032 2602 von
2054 2545 2219 2605 Woldkir¬

1208 2597 1300 2657 chen,
1322 2598 1409 2658 jeden
1445 2599 1502 2659 mit
1529 2600 1611 2660 einem
1658 2598 1715 2658 mit
1741 2594 1931 2654 Brillanten
1963 2593 2040 2653 reich
2067 2593 2206 2653 besetzten

1214 2697 1274 2757 500
1308 2697 1502 2757 Cremnitzer
1525 2696 1674 2756 Ducaten
1703 2693 1897 2753 beschenket.

1435 2747 1689 2807 Warschau,
1714 2742 1768 2802 den
1806 2745 1871 2805 29.
1897 2742 1993 2802 Nov.

1263 2790 1340 2850 Sr.
1367 2793 1445 2853 Erl.
1472 2796 1524 2856 der
1551 2796 1622 2856 Hr.
1649 2790 1812 2850 Castellan
1852 2790 1910 2850 von
1950 2793 2074 2853 Cracau
2107 2790 2205 2850 haben

167 2852 211 2912 ten
240 2849 313 2909 ganz
337 2841 574 2901 mißvergnügt
592 2841 733 2901 darüber
750 2840 806 2900 ist,
830 2846 886 2906 daß
915 2847 948 2907 es
977 2845 1090 2905 mitten
1119 2844 1146 2904 im
1209 2843 1299 2903 durch
1329 2841 1373 2901 ein
1402 2845 1583 2905 Schreiben
1612 2838 1685 2898 Sr.
1703 2841 1798 2901 Maj.
1816 2841 1872 2901 zur
1890 2841 2002 2901 Krone
2031 2841 2218 2901 gratuliret,

168 2903 370 2963 Ueberflusse
396 2894 512 2954 darben
543 2892 641 2952 muß.
709 2891 801 2951 Wan
833 2896 906 2956 sieht
925 2897 979 2957 itzo
999 2897 1084 2957 klar,
1109 2897 1164 2957 daß
1214 2894 1275 2954 und
1312 2893 1367 2953 sich
1392 2897 1638 2957 entschuldiget,
1669 2891 1730 2951 daß
1768 2894 1859 2954 ihnen
1897 2890 1946 2950 die
1971 2888 2222 2948 Unpäßlichkeit

2116 2939 2217 2999 nicht
