2034 2755
561 181 704 259 Halle.
253 236 1055 304 „Der Christ am Sonntage; eine moralische
208 285 1057 329 "Wochenschrift zur Beförderung des innerlichen Got¬
223 328 1056 371 "tesdienstes am Tage des HErrn. Erster Theil.
232 371 1059 421 gr. 8vo, 1764. 1 Alphab. 6 Bogen.” Die Herren
217 407 1062 458 Verfasser halten eine Wochenschrift für ein sehr be¬
214 450 1057 500 quemes Mittel zur Erreichung des auf dem Titel an¬
217 492 1051 545 gegebnen Endzwecks. Sie wunschen sich am meister
223 530 1062 582 fromme Leser; und schreiben vornehmlich für das
217 569 1060 626 Herz. Der Inhalt jedes Blattes bezieht sich auf die
220 618 1063 667 sonntäglichen Evangelien; aber die Einkleidung der
214 667 1054 716 Wahrheiten soll freyer seyn, als in Kanzelreden —
214 697 1062 749 Die Absicht ist gut und lobenswerth; und was die
214 739 1057 786 Ausführung betrift, so finden wir wenig dabey zu
220 780 1054 830 erinnern. Es herrscht in der Prose eine gewisse
214 823 1057 874 Wohlredenheit; und die poetischen Ausarbeitungen
223 861 1059 916 sind meistens gut; so daß in dieser Schrift auf schick¬
214 904 1059 957 liche Art Geschmack und Erbauung verbunden wer¬
217 945 1062 995 den; wiewohl es nicht scheint, daß alle eingeschaltete
223 993 1062 1038 Stücke eigne Arbeiten sind; wie wir denn im fünften
217 1036 1060 1087 Blatte Cramers bekannte Ode auf die Geburt des
223 1073 1056 1129 Erlösers finden — Indessen, unsre Meynung frey
217 1116 1055 1169 zu sagen, wünschten wir nicht, daß die Herren Ver¬
220 1160 1054 1210 fasser sich so gar weit, als sie in der Vorrede verspre
217 1210 1061 1255 chen, von der exegetischen Richtigkeit (oder, wie sie
220 1235 1063 1286 sie spottweise nennen, Aengstlichkeit) entfernen möch¬
217 1282 1051 1325 ten. Es kleidet in unsern Zeiten einem Lehrer der
214 1325 1056 1378 Erbauung sehr übel, wenn er seine Ermahnung auf
227 1365 1059 1410 falsche Auslegungen baut. Zu dieser Erinnerung be¬
214 1399 1062 1447 wegen uns die umschriebnen Psalmen, die in diesem
220 1440 1059 1489 Theile vorkommen, und von denen wir etwas aus¬
223 1477 1062 1536 führlicher reden wollen — Zuerst stehen im 6. Blat¬
217 1517 1056 1580 te der 65. und 67. umschrieben; welche ziemlich wohl
217 1568 1056 1619 gerathen sind; jedoch nicht ganz. Ps. 65, v. 9.
214 1605 1066 1664 „Die Herzen deiner Kinder beym Aufgange und Nie¬
223 1652 1054 1699 "dergange der Sonne erfreuest du. Wir glauben,
217 1685 1060 1742 daß hier die Worte deiner Kinder eingeflickt,
217 1728 1062 1777 und nicht dem Sinne des Textes gemäß sind, der
214 1769 1063 1819 überhaupt von allen Bewohnern des Aufgangs und
214 1809 1054 1876 Niedergangs redet. V. 10. "Wenn du das Land be
238 1851 1066 1907 suchest, so wird es gewässert. Es wird in der
217 1896 1055 1946 Uebersetzung nicht ausgedrückt, daß hier die Rede vom
223 1938 1062 1991 jüdischen Lande ist, zu dem sich nun der Prophet wen¬
217 1975 1062 2032 det. pw das man durch wässern giebt, hat diese
223 2024 1056 2070 Bedeutung in Piel nicht. "Du bereitest uns Ge¬
235 2065 1054 2116 treyde, und befestigest es in seinem Boden. Wir
214 2110 1052 2163 wunderten uns erst, warum von GOtt die Befesti¬
217 2150 1056 2209 gung des Getreydes als eine Wohlthat gerühmt wird,
214 2192 1054 2244 da seine Wurzel eben keine besondre Festigkeit hat,
214 2236 1057 2290 sondern nur so viele als sie bedarf, wenn ein ganzes
208 2275 1047 2318 Heer von Hälmern einander wechselsweise stützen soll.
212 2326 1056 2372 Doch vielleicht, gedachten wir, hat der Verf. ganz be¬
212 2362 1051 2429 sondre palästinische Nachrichten, daß etwa dort zu
1086 193 1938 244 Lande das Getreyde stammhaftere Wurzeln schlüge.
1081 246 1938 289 Allein im Texte finden wir, daß der Verfasser nicht
1089 286 1938 346 beobachtet hatte, daß z männlichen Geschlechts ist,
1082 346 1938 394 und also das suffixum fomininum darauf nicht gehen
1081 377 1934 429 könnte, sondern auf y. V. 12. ”Ja, HErr, du
1086 421 1938 475 „krönst das Jahr des Segens, und die Fußstapfen
1097 467 1936 516 "desselben triesen von Gutem. Hier ist abermals
1089 515 1928 568 das suffixum vernachläßigt, und von Fußstapfen des
1083 553 1928 606 Jahrs geredet worden, da es doch heißt: orbitae
1086 595 1931 642 tuae. Im Texte steht: "deine Fußtritte triefen von
1101 635 1355 689 Fettigkeit.”
1399 639 1928 695 Das letzte Wort wird hier sehr
1086 679 1908 721 matt und unbedeutend durch Gutes ausgedrückt -
1092 715 1931 767 Ps. 67. In diesem Psalm wird der 4. V. noch ein¬
1081 764 1931 806 mal mit den nämlichen Worten wiederholt, V. 6. Es
1088 800 1934 855 ist eine Art von feyerlichem Ausspruche, dessen Wie¬
1086 845 1938 899 derholung eine sehr gute Wirkung thut; wie unge¬
1095 881 1778 948 fähr bey dem lateinischen Dichter der Vers
1163 923 1928 997 ducite ab vrbe domum, mea carmina, ducite
1525 977 1699 1039 Daphnim.
1086 1025 1929 1083 der abermals in der Folge der Ekloge wiederkömmt.
1089 1071 1932 1124 Wir würden diesen 4. V. etwa so übersetzen:
1092 1115 1936 1167 "Dich, GOtt, werden die Völker loben; die Volker
1372 1152 1934 1209 Die Schönheit liegt hier in der
1098 1147 1354 1206 "alle dich loben.
1086 1184 1931 1244 Wiederholung; folglich müssen die Worte sorgfältig
1086 1240 1931 1292 beybehalten werden. Der Uebersetzer aber hat sich
1086 1277 1934 1335 nicht daran gekehrt. Das eine mal giebt er nyn
1085 1326 1930 1377 bekennen, das andre mal danken, das vierte
1089 1372 1932 1418 mal rühmen; wodurch denn die Stelle völlig dem
1088 1413 1927 1465 Texte unähnlich wird. Im sechsten Verse wird noch
1089 1447 1934 1492 ohn alle Nothwendigkeit sagend eingeflickt, wodurch
1088 1488 1932 1545 die Worte V. 7., die nur der Prophet sagt, allen Völ¬
1092 1533 1928 1580 kern in den Mund gelegt werden — Doch diese bey¬
1086 1574 1934 1628 den Psalme sind noch vortreflich gerathen gegen den
1089 1618 1928 1663 22. im 20. Blatte, dessen Umschreibung so gedehnt, so
1092 1659 1928 1713 so matt, so abweichend von dem Texte ist, daß aller Nach¬
1086 1699 1931 1753 druck der Urkunde darüber verloren geht. Wir ha¬
1086 1744 1931 1785 ben immer geglaubt, Paraphrasen hätten vornehm¬
1094 1778 1928 1836 lich den Endzweck, den Sinn aufzuhellen, die ellipses
1095 1821 1928 1868 zu ergänzen, und dem Verstande eine gewisse Voll¬
1101 1865 1923 1914 ständigkeit und Verbindung zu geben; nicht aber ganz
1092 1909 1928 1956 fremde Einfalle einzuschieben, an die der Schriftver¬
1094 1947 1931 1999 fasser nicht gedacht hat, die mit seinen Begriffen nichts
1089 1990 1928 2035 zu schaffen haben, und oft gar denselben entgegen sind.
1089 2028 1928 2082 Wenn diese Art zu paraphrasiren gelten sollte, so wä¬
1086 2071 1923 2131 re es nicht schwer, durch Hulfe des Witzes aus einem
1089 2112 1923 2156 Texte alles, was man nur will, zu machen. Ueber¬
1088 2148 1923 2197 haupt ist hier der ganze Psalm in eine unrichtige, all¬
1081 2196 1924 2240 zubesondere Situation gezwungen worden, daß er des
1081 2237 1924 2281 Erlösers Gesinnungen am Kreuze ausdrü¬
1081 2276 1919 2328 cken soll. Nun ist es wahr, er redet vom Leiden
1081 2313 1919 2362 Christi; er gedenkt sogar einzelner Umstände, die
1082 2356 1928 2429 Christus nicht anders als am Kreuze erwähnen konn=
