2479 3508
483 294 677 354 Berlin,
711 294 763 354 den
797 292 837 352 3.
866 291 963 351 Nov.

266 351 337 411 Die
368 347 675 407 Einzeichnungen,
712 340 814 400 wegen
857 342 904 402 der
935 342 1043 402 Actien
1080 339 1133 399 bey
1170 339 1218 399 der

212 401 262 461 den
297 401 387 461 19ten
416 393 467 453 des
490 392 620 452 vorigen
656 389 803 449 Monats
821 389 933 449 allhier
952 390 1110 450 eröfneten
1134 389 1229 449 Ban¬

206 453 290 513 que,
325 445 427 505 haben
461 442 546 502 einen
587 440 859 500 außerordentlich
900 440 990 500 guten
1036 440 1206 500 Fortgang

209 497 291 557 weil
320 495 380 555 das
420 488 585 548 Publicum
635 491 701 551 eine
741 491 840 551 grosse
874 491 1045 551 Begierde
1078 488 1211 548 darnach

208 545 338 605 äussert.
396 539 509 599 Ausser
538 539 629 599 einer
658 539 777 599 großen
812 541 948 601 Anzahl
977 542 1222 602 Particuliers,

208 595 251 655 die
274 592 318 652 sich
347 587 446 647 dabey
475 586 524 646 für
553 586 647 646 starke
670 589 842 649 Summen
876 587 1077 647 intereßirt,
1111 589 1210 649 haben

201 644 250 704 die
272 639 403 699 Häuser
431 637 479 697 der
502 637 610 697 Herrn
638 638 872 698 Splittgerber
894 640 954 700 und
987 640 1118 700 Daun,
1140 637 1216 697 We¬

208 693 271 753 geli
295 688 352 748 und
381 687 525 747 Söhne,
549 688 711 748 Friedrich
741 688 885 748 Wilhelm
926 688 1082 748 Schütze,
1105 686 1220 746 Sege¬

210 742 295 802 barth
328 739 387 799 und
420 736 615 796 Werstler,
653 739 885 799 Schweiger,
918 739 1026 799 Peter
1059 736 1221 796 Feronce,

207 789 331 849 Scheel
360 788 422 848 und
457 786 575 846 andrer
604 784 694 844 mehr
728 786 773 846 sich
808 789 864 849 für
898 788 966 848 eine
995 786 1209 846 beträchtliche

207 840 338 900 Anzahl
357 837 470 897 solcher
494 834 601 894 Actien
633 834 817 894 intereßirt.

490 883 646 943 Cleve,
675 885 725 945 den
764 885 825 945 23.
854 884 931 944 Oct.

251 938 302 998 Am
343 936 447 996 20sten
477 936 568 996 dieses
598 936 673 996 starb
697 934 812 994 allhier
830 933 876 993 der
894 933 968 993 erste
986 933 1218 993 Regierungs¬

206 990 372 1050 präsident
395 987 455 1047 und
483 989 621 1049 Canzler
644 987 693 1047 der
717 984 999 1044 Churmärkischen
1038 986 1215 1046 Landesre¬

203 1040 363 1100 gierung,
381 1037 524 1097 Johann
554 1037 655 1097 Peter
679 1034 840 1094 Freyherr
864 1034 923 1094 von
953 1034 1137 1094 Raesfeld,
1179 1034 1208 1094 in

202 1093 279 1153 einem
325 1088 526 1148 ruhmvollen
560 1087 644 1147 Alter
667 1085 722 1145 von
751 1085 795 1145 85
829 1085 957 1145 Jahren
997 1085 1008 1145 7
1042 1085 1204 1145 Monaten

201 1142 264 1202 und
291 1140 317 1200 im
355 1139 461 1199 63sten
488 1136 578 1196 Jahr
605 1135 674 1195 dero
696 1133 945 1193 treugeleisteten
972 1136 1120 1196 Dienste.
1137 1136 1210 1196 Der

200 1190 346 1250 gelehrte
370 1187 506 1247 jüngere
535 1184 625 1244 Herr
654 1181 710 1241 D.
733 1181 881 1241 Schütte
910 1184 966 1244 hat
1000 1181 1108 1241 wegen
1154 1184 1204 1244 des

204 1234 435 1294 letztgedachten
467 1229 678 1289 sogenannten
709 1228 915 1288 Blutregens
942 1230 1018 1290 seine
1045 1231 1214 1291 physicali¬

194 1279 255 1339 sche
287 1279 568 1339 Untersuchungen
605 1276 666 1336 mit
693 1278 906 1338 beygefügtem
953 1276 1124 1336 Bedenken
1166 1278 1196 1338 an

195 1325 246 1385 E.
267 1327 375 1387 hochl.
401 1324 592 1384 Regierung
623 1324 829 1384 übergeben,
861 1324 1000 1384 woraus
1036 1324 1103 1384 man
1139 1324 1195 1384 von

191 1376 284 1436 dessen
321 1375 523 1435 nätürlichen
566 1374 753 1434 Ursprunge
780 1373 947 1433 gründlich
984 1372 1207 1432 unterrichtet,

191 1428 243 1488 das
281 1422 541 1482 abergläubische
574 1422 658 1482 Volk
691 1422 765 1482 aber
797 1422 967 1482 versichert
994 1419 1100 1479 wird,
1138 1418 1191 1478 daß

196 1476 277 1536 diese
299 1473 435 1533 seltsame
463 1467 796 1527 Naturbegebenheit
818 1469 883 1529 eben
916 1470 938 1530 so
966 1468 1068 1528 wenig
1097 1467 1145 1527 für
1162 1467 1205 1527 ein

195 1521 435 1581 Wunderwerk
461 1518 531 1578 oder
562 1518 707 1578 Vorbote
738 1518 908 1578 besondrer
934 1518 1135 1578 Landplagen
1166 1518 1190 1578 zu

196 1575 323 1635 halten,
351 1570 395 1630 als
424 1569 462 1629 ein
495 1569 711 1629 Gaukelspiel
728 1569 783 1629 von
818 1569 966 1629 Kennern
1006 1569 1055 1629 für
1084 1569 1205 1629 Zaube¬

197 1626 245 1686 rey
274 1622 421 1682 gehalten
449 1618 547 1678 wird.

405 1670 638 1730 Geldern,
669 1671 726 1731 den
768 1670 832 1730 14.
867 1670 989 1730 Octob.

245 1726 381 1786 Gestern
406 1724 505 1784 frühe
531 1724 567 1784 um
611 1724 685 1784 halb
711 1724 729 1784 6
760 1722 828 1782 Uhr
854 1724 965 1784 wurde
997 1723 1045 1783 die
1071 1723 1200 1783 Fürstin

198 1777 362 1837 Eleonore
388 1778 632 1838 Maximiliane
652 1775 841 1835 Christine,
874 1777 929 1837 des
955 1775 1100 1835 Prinzen
1132 1777 1213 1837 Carl

191 1822 250 1882 von
289 1819 464 1879 Stollberg
495 1817 704 1877 hinterlaßne
735 1816 872 1876 Wittwe
902 1817 962 1877 mit
992 1817 1078 1877 einer
1099 1817 1210 1877 Prin¬

191 1871 279 1931 zessin
309 1864 515 1924 entbunden,
540 1861 652 1921 welche
677 1861 702 1921 in
737 1861 785 1921 der
815 1858 898 1918 heil.
918 1858 1021 1918 Taufe
1051 1858 1100 1918 den
1130 1861 1203 1921 Na¬

189 1918 256 1978 men
287 1913 396 1973 Louise
417 1909 578 1969 empfing.

459 1957 639 2017 Hanau,
667 1957 720 2017 den
758 1955 821 2015 22.
848 1954 928 2014 Oct.

245 2015 298 2075 Da
323 2011 371 2071 die
389 2011 473 2071 Frau
504 2006 690 2066 Landgräfin
727 2005 787 2065 von
818 2005 1028 2065 Hessencassel
1053 2005 1197 2065 Königl.

190 2067 318 2127 Hoheit
344 2062 386 2122 die
412 2057 467 2117 seit
486 2055 535 2115 dem
579 2055 726 2115 Hintritt
752 2054 819 2114 Sr.
838 2055 1041 2115 Hochfürstl.
1054 2055 1195 2115 Durchl.

190 2120 241 2180 des
275 2113 377 2173 Herrn
417 2106 615 2166 Landgrafen
649 2106 796 2166 Wilhelm
842 2106 892 2166 des
921 2106 1028 2166 achten
1069 2106 1192 2166 glorw.

191 2164 381 2224 Andenkens
410 2157 560 2217 geführte
583 2154 773 2214 Vormund=
797 2157 854 2217 und
878 2157 1108 2217 Regentschaft
1132 2157 1195 2217 nie=

194 2215 366 2275 dergelegt,
390 2210 418 2270 so
442 2208 540 2268 haben
570 2205 748 2265 nunmehro
778 2205 829 2265 des
853 2206 957 2266 Herrn
986 2208 1182 2268 Erbprinzen

196 2267 304 2327 unsres
336 2258 515 2318 gnädigsten
554 2252 797 2312 Landesfürsten
829 2255 1033 2315 Hochfürstl.
1047 2258 1193 2318 Durchl.

194 2318 241 2378 die
263 2312 448 2372 Regierung
476 2306 524 2366 der
552 2303 744 2363 Grafschaft
758 2306 874 2366 Hanau
910 2309 936 2369 in
972 2309 1074 2369 eigner
1102 2309 1191 2369 höch¬

188 2373 250 2433 ster
267 2365 392 2425 Person
421 2355 625 2415 angetreten.

483 2405 615 2465 Cöln,
639 2402 697 2462 den
732 2402 795 2462 26.
824 2406 905 2466 Oct.

238 2461 314 2521 Wir
333 2458 433 2518 haben
463 2458 509 2518 die
528 2449 705 2509 Nachricht
730 2455 895 2515 erhalten,
925 2455 983 2515 daß
1013 2455 1067 2515 der
1097 2455 1196 2515 Frey¬

188 2511 261 2571 herr
284 2510 448 2570 Matheus
478 2502 602 2562 Ludwig
631 2500 687 2560 von
717 2506 960 2566 Plettenberg,
995 2503 1046 2563 den
1081 2503 1182 2563 23sten

187 2561 279 2621 dieses
309 2560 360 2620 zum
401 2560 464 2620 Abt
488 2554 540 2614 von
569 2551 749 2611 Cornelius
773 2557 929 2617 Mänster
953 2554 1091 2614 ernannt
1109 2551 1189 2611 wor¬

185 2613 237 2673 den
267 2611 331 2671 sey.

419 2652 611 2712 Leipzig,
648 2649 701 2709 den
744 2654 804 2714 21.
829 2653 955 2713 Octob.

235 2708 305 2768 Bey
336 2705 382 2765 der
406 2703 524 2763 letztern
555 2699 607 2759 von
638 2697 690 2757 der
709 2701 838 2761 hiesigen
869 2702 1099 2762 öconomischen
1123 2696 1193 2756 So¬

185 2765 276 2825 cietät
300 2758 462 2818 gehaltnen
492 2748 786 2808 Zusammenkunft
811 2753 868 2813 sind
897 2754 931 2814 18
967 2755 1042 2815 neue
1065 2751 1192 2811 ordent¬

179 2817 255 2877 liche
286 2812 344 2872 und
375 2808 392 2868 9
429 2802 730 2862 Ehrenmitglieder
755 2805 1010 2865 aufgenommen
1040 2802 1193 2862 worden.

182 2867 222 2927 Zu
257 2862 392 2922 gleicher
420 2858 494 2918 Zeit
522 2853 576 2913 hat
604 2853 657 2913 die
679 2852 834 2912 Societät
862 2855 875 2915 3
903 2858 1174 2918 Preisausgaben

180 2918 371 2978 aufgesetzt.

1523 291 1707 351 Altona,
1735 294 1785 354 den
1824 295 1885 355 26.
1914 294 1991 354 Oct¬

1307 333 1363 393 Da
1404 336 1529 396 sowohl
1559 339 1610 399 die
1645 342 1863 402 Nachrichten
1903 342 1960 402 von
2001 342 2098 402 Wien
2133 345 2184 405 als
2208 345 2264 405 aus

1264 386 1409 446 Sachsen
1448 386 1533 446 einer
1561 389 1831 449 nächstkünftigen
1869 391 2096 451 Vermählung
2123 390 2171 450 des
2199 393 2268 453 Rö¬

1261 437 1385 497 mischen
1413 435 1537 495 Königs
1554 437 1646 497 Maj.
1658 440 1837 500 gedenken,
1848 440 1907 500 und
1930 440 1978 500 daß
2000 440 2260 500 allerhöchstdero

1261 485 1342 545 letzte
1364 485 1461 545 Reise
1483 485 1531 545 sich
1559 487 1677 547 darauf
1694 488 1829 548 bezogen
1857 491 1959 551 habe;
1987 489 2013 549 so
2041 490 2110 550 wird
2138 491 2208 551 auch
2230 493 2257 553 in

1263 536 1396 596 Briefen
1423 535 1480 595 von
1511 536 1681 596 Warschau
1713 536 1775 596 und
1801 539 1924 599 Leipzig
1951 539 2002 599 von
2044 539 2132 599 einer
2153 539 2271 599 bevor¬

1253 583 1413 643 stehenden
1447 584 1674 644 Vermählung
1702 586 1774 646 Sr.
1791 586 1846 646 itzo
1874 586 2079 646 regierenden
2119 589 2262 649 Majest.

1259 635 1315 695 von
1344 637 1446 697 Polen
1481 634 1645 694 Meldung
1674 634 1804 694 gethan.

1479 682 1765 742 Amsterdam,
1793 685 1844 745 den
1883 685 1945 745 23.
1973 685 2051 745 Oct.

1302 732 1391 792 Nach
1424 730 1555 790 Briefen
1588 733 1645 793 von
1683 733 1793 793 Salee
1820 732 1878 792 hat
1910 733 1968 793 das
2005 733 2127 793 dortige
2159 733 2264 793 Ober¬

1253 783 1357 843 haupt
1380 781 1429 841 dem
1475 782 1702 842 holländischen
1736 783 1857 843 Consul
1875 782 2030 842 andeuten
2064 781 2174 841 lassen,
2203 783 2257 843 das

1251 830 1333 890 Land
1359 828 1421 888 mit
1447 828 1499 888 dem
1546 831 1643 891 ehsten
1680 831 1710 891 zu
1742 831 1897 891 räumen.
1975 828 2026 888 Ob
2063 830 2156 890 dieses
2192 831 2259 891 eine

1252 879 1463 939 Privatsache
1484 879 1536 939 des
1564 881 1705 941 Consuls
1732 881 1801 941 oder
1828 882 1870 942 ein
1907 876 2160 936 Friedensbruch
2198 881 2255 941 mit

1251 931 1304 991 den
1331 931 1600 991 Generalstaaten
1633 932 1696 992 sey,
1723 930 1802 990 wird
1829 933 1908 993 nicht
1930 930 2104 990 gemeldet.

1490 981 1667 1041 Paris,
1706 981 1760 1041 den
1795 984 1860 1044 12.
1883 981 2009 1041 Octob.

1300 1027 1371 1087 Der
1394 1031 1466 1091 Hr.
1483 1034 1694 1094 Bonvenant
1716 1033 1799 1093 Poix
1822 1033 1877 1093 hat
1911 1032 1977 1092 eine
2005 1031 2083 1091 neue
2106 1026 2166 1086 Art
2194 1025 2249 1085 von

1251 1079 1359 1139 Siebe
1390 1082 1571 1142 erfunden,
1613 1085 1757 1145 wodurch
1793 1082 1849 1142 das
1881 1082 2035 1142 Getreide
2067 1076 2123 1136 von
2160 1076 2237 1136 allem

1251 1130 1521 1190 Unkrautsaamen
1557 1134 1612 1194 und
1638 1133 1753 1193 andern
1784 1133 2040 1193 Unreinigkeiten
2071 1127 2181 1187 besser,
2202 1127 2246 1187 als

1248 1181 1307 1241 mit
1338 1181 1393 1241 den
1434 1181 1544 1241 bisher
1575 1181 1716 1241 üblichen
1762 1178 1887 1238 Sieben
1928 1178 2089 1238 gereinigt
2120 1175 2245 1235 werden

1248 1228 1353 1288 kann,
1379 1228 1439 1288 und
1469 1228 1549 1288 seine
1570 1226 1751 1286 Erfindung
1782 1227 1832 1287 der
1858 1225 2028 1285 Akademie
2049 1222 2099 1282 der
2115 1219 2255 1279 Wissen¬

1246 1276 1376 1336 schaften
1408 1274 1462 1334 und
1493 1273 1543 1333 der
1569 1273 1710 1333 Königl.
1736 1273 1892 1333 Societät
1913 1273 1963 1333 des
1989 1270 2165 1330 Ackerbaus
2186 1267 2256 1327 vor¬

1243 1322 1370 1382 gelegt,
1397 1324 1455 1384 und
1482 1321 1550 1381 nach
1577 1323 1779 1383 angestellter
1795 1321 1906 1381 Probe
1928 1318 2082 1378 derselben
2114 1318 2251 1378 Beyfall

1240 1369 1402 1429 erhalten.
1452 1371 1515 1431 Ein
1545 1370 1810 1430 Gerichtsdiener
1835 1369 1889 1429 des
1914 1369 2150 1429 Parlaments,
2175 1367 2252 1427 wel¬

1242 1414 1307 1474 cher
1330 1416 1457 1476 Befehl
1480 1417 1591 1477 hatte,
1613 1419 1662 1479 die
1685 1419 1862 1479 Einkünfte
1885 1419 1935 1479 der
1958 1416 2107 1476 Jesuiten
2135 1416 2157 1476 in
2190 1416 2239 1476 den

1240 1464 1417 1524 Gegenden
1447 1467 1500 1527 von
1531 1467 1687 1527 Flandern
1717 1467 1952 1527 einzutreiben,
1978 1464 2164 1524 verrichtete
2189 1464 2252 1524 die¬

1241 1514 1282 1574 ses
1320 1512 1383 1572 mit
1416 1515 1494 1575 aller
1532 1514 1637 1574 Treue
1681 1518 1738 1578 und
1776 1515 1892 1575 großer
1929 1515 2246 1575 Geschwindigkeit.

1237 1563 1334 1623 Kaum
1384 1563 1459 1623 aber
1492 1566 1584 1626 hatte
1618 1563 1650 1623 er
1683 1566 1720 1626 sie
1748 1566 1921 1626 gehoben,
1944 1566 1970 1626 so
2003 1566 2095 1626 gieng
2128 1563 2160 1623 er
2188 1565 2252 1625 mit

1237 1610 1314 1670 einer
1341 1613 1492 1673 Summe
1513 1611 1569 1671 von
1597 1610 1710 1670 60000
1742 1613 1851 1673 Livres
1878 1614 1987 1674 durch.
2045 1610 2118 1670 Die
2139 1610 2253 1670 Gläu¬

1235 1661 1325 1721 biger
1354 1664 1404 1724 der
1428 1667 1575 1727 Jesuiten
1604 1667 1711 1727 spüren
1746 1667 1836 1727 ihm,
1871 1667 1938 1727 doch
1974 1664 2086 1724 bisher
2121 1664 2251 1724 vergeb¬

1235 1717 1321 1777 lich,
1345 1718 1436 1778 nach.
1490 1721 1576 1781 Mr.
1594 1721 1784 1781 Philidor,
1808 1721 1859 1781 der
1883 1719 2079 1779 Componist
2103 1717 2160 1777 von
2195 1715 2241 1775 der

1244 1769 1353 1829 Musik
1377 1769 1428 1829 bey
1452 1770 1503 1830 der
1540 1769 1648 1829 Opera
1685 1772 1840 1832 comique
1876 1772 1968 1832 dieser
1998 1770 2112 1830 Stadt
2137 1766 2246 1826 führte

1238 1814 1297 1874 auf
1317 1814 1395 1874 seine
1420 1817 1533 1877 Kosten
1563 1817 1770 1877 vergangnen
1800 1819 1957 1879 Mitwoch
1982 1819 2051 1879 eine
2081 1818 2248 1878 feyerliche

1236 1855 1351 1915 Musik
1375 1855 1422 1915 bey
1452 1858 1499 1918 der
1524 1861 1628 1921 Messe
1653 1861 1700 1921 für
1725 1861 1772 1921 die
1792 1862 2007 1922 Seelenruhe
2027 1861 2079 1921 des
2108 1864 2252 1924 unsterb¬

1232 1900 1322 1960 lichen
1352 1903 1534 1963 Rameau,
1558 1903 1610 1963 des
1635 1906 1956 1966 Wiederherstellers
1981 1909 2052 1969 oder
2087 1912 2244 1972 vielmehr

1237 1948 1422 2008 Schöpfers
1451 1951 1503 2011 der
1527 1954 1747 2014 französischen
1776 1954 1886 2014 Musik
1910 1957 1984 2017 auf.

1460 2002 1662 2062 London,
1688 2003 1743 2063 vom
1794 2005 1854 2065 19.
1880 2005 2006 2065 Octob.

1276 2049 1353 2109 Der
1371 2049 1509 2109 Königl.
1521 2049 1738 2109 Französische
1756 2055 2056 2115 außerordentliche
2079 2054 2245 2114 Ambassa¬

1233 2100 1305 2160 deur
1331 2098 1377 2158 der
1403 2100 1490 2160 Graf
1512 2100 1568 2160 von
1594 2103 1743 2163 Guerchy
1770 2104 1820 2164 kam
1862 2104 1913 2164 den
1945 2106 2032 2166 10ten
2058 2103 2151 2163 dieses
2172 2104 2228 2164 von

1236 2151 1338 2211 Paris
1366 2151 1478 2211 allhier
1501 2154 1631 2214 zurüͤck,
1653 2154 1712 2214 und
1739 2154 1793 2214 hat
1815 2155 1885 2215 auch
1913 2155 2031 2215 bereits
2054 2151 2232 2211 vorgestern

1230 2199 1296 2259 eine
1319 2200 1463 2260 Audienz
1486 2202 1535 2262 bey
1564 2204 1613 2264 dem
1658 2205 1786 2265 Könige
1809 2205 1841 2265 zu
1870 2207 1941 2267 St.
1959 2206 2081 2266 James
2104 2205 2242 2265 gehabt.

1224 2250 1270 2310 Er
1300 2249 1357 2309 hat
1387 2251 1520 2311 hierauf
1544 2253 1613 2313 Sr.
1637 2254 1741 2314 Maj.
1770 2257 1950 2317 Ministern
1985 2255 2130 2315 erklärt;
2160 2256 2240 2316 daß,

1224 2300 1258 2360 da
1287 2300 1337 2360 der
1361 2300 1468 2360 König
1492 2301 1548 2361 sein
1577 2304 1662 2364 Herr
1697 2305 1758 2365 erst
1782 2306 1901 2366 neulich
1936 2306 2026 2366 durch
2061 2305 2117 2365 alle
2146 2306 2236 2366 mög¬

1227 2348 1303 2408 liche
1330 2348 1520 2408 Merkmale
1553 2351 1650 2411 Dero
1689 2357 1873 2417 Verlangen
1918 2357 1971 2417 den
2010 2354 2139 2414 Frieden
2178 2354 2242 2414 mit

1229 2399 1380 2459 England
1407 2399 1434 2459 zu
1462 2405 1662 2465 unterhalten
1700 2408 1759 2468 und
1792 2408 1949 2468 daurhaft
1977 2405 2009 2465 zu
2042 2402 2161 2462 machen
2199 2404 2225 2464 zu

1236 2448 1325 2508 Tage
1351 2449 1452 2509 gelegt
1479 2453 1592 2513 hätte,
1625 2458 1701 2518 Sr.
1727 2458 1924 2518 allerchristl.
1944 2455 2039 2515 Maj.
2071 2451 2141 2511 auch
2173 2449 2224 2509 bey

1229 2497 1322 2557 diesem
1367 2501 1579 2561 Vornehmen
1624 2508 1831 2568 beharrten,
1869 2503 1931 2563 und
1963 2501 2062 2561 nichts
2095 2500 2225 2560 eifriger

1222 2547 1429 2607 wünschten,
1454 2550 1500 2610 als
1537 2554 1583 2614 die
1608 2557 1844 2617 Freundschaft
1868 2551 1927 2611 und
1963 2550 2016 2610 das
2052 2550 2123 2610 gute
2147 2549 2229 2609 Ver¬

1229 2599 1391 2659 nehmen,
1418 2601 1548 2661 welches
1570 2605 1716 2665 zwischen
1749 2604 1797 2664 den
1831 2599 1943 2659 beyden
1977 2599 2079 2659 Höfen
2113 2599 2236 2659 obwal¬

1226 2646 1311 2706 tete,
1340 2647 1430 2707 mehr
1453 2651 1509 2711 und
1538 2655 1628 2715 mehr
1646 2652 1674 2712 zu
1703 2652 1889 2712 befestigen.
1947 2648 2009 2708 Ein
2038 2652 2218 2712 Schreiben

1229 2697 1284 2757 aus
1312 2698 1466 2758 Kingston
1495 2706 1610 2766 meldet
1633 2700 1871 2760 ausdrücklich,
1899 2697 1931 2757 es
1965 2698 2065 2758 werde
2093 2700 2230 2760 daselbst

1229 2748 1271 2808 die
1294 2749 1477 2809 Handlung
1499 2753 1563 2813 mit
1580 2754 1633 2814 den
1661 2751 1833 2811 Spaniern
1872 2748 1969 2808 etwas
2002 2748 2120 2808 wieder
2148 2749 2233 2809 eröf¬

1223 2799 1277 2859 net
1299 2799 1451 2859 werden,
1479 2805 1537 2865 und
1566 2805 1609 2865 ein
1636 2802 1711 2862 allda
1740 2801 1956 2861 angelangtes
1979 2800 2141 2860 Fahrzeug
2180 2801 2233 2861 ha¬

1227 2852 1262 2912 be
1286 2852 1315 2912 an
1345 2852 1398 2912 den
1428 2858 1653 2918 Gouverneur
1677 2852 1735 2912 und
1765 2852 1919 2912 Admiral
1937 2852 1984 2912 die
2008 2851 2114 2911 Ordre
2139 2849 2232 2909 über¬

2101 2903 2236 2963 bracht,
