<?xml version="1.0" encoding="UTF-8" standalone="yes"?>
<PcGts xmlns="http://schema.primaresearch.org/PAGE/gts/pagecontent/2013-07-15" xmlns:xsi="http://www.w3.org/2001/XMLSchema-instance" xsi:schemaLocation="http://schema.primaresearch.org/PAGE/gts/pagecontent/2013-07-15 http://schema.primaresearch.org/PAGE/gts/pagecontent/2013-07-15/pagecontent.xsd">
    <Metadata>
        <Creator>prov=READ-COOP:name=PyLaia@TranskribusPlatform:version=2.12.1:model_id=39995:lm=none:date=12_04_2024_18:10</Creator>
        <Created>2024-04-12T05:13:30.471+02:00</Created>
        <LastChange>2024-04-12T18:10:31.271Z</LastChange>
        <TranskribusMetadata docId="1934385" pageId="68260545" pageNr="2" tsid="158215790" status="IN_PROGRESS" userId="222699" imgUrl="https://files.transkribus.eu/Get?id=CSDJTGNPCKSMHXRKMATOSQNX&amp;fileType=view" xmlUrl="https://files.transkribus.eu/Get?id=GHSHUJHYRAPLHYIDJBKYZJMK" imageId="54531722"/>
    </Metadata>
    <Page imageFilename="68260545.jpg" imageWidth="2479" imageHeight="3508">
        <ReadingOrder>
            <OrderedGroup id="ro_1712945431272" caption="Regions reading order">
                <RegionRefIndexed index="0" regionRef="r_10"/>
                <RegionRefIndexed index="1" regionRef="r_11"/>
            </OrderedGroup>
        </ReadingOrder>
        <Relations/>
        <TextRegion id="r_10" custom="readingOrder {index:0;}">
            <Coords points="130,291 1201,291 1231,2997 130,2997"/>
            <TextLine id="r_10_tl_1" custom="readingOrder {index:0;}">
                <Coords points="148,362 1054,363 1054,311 850,281 725,314 148,298"/>
                <Baseline points="155,346 161,346 206,346 250,346 295,346 340,346 385,346 429,346 474,346 519,346 564,346 609,340 653,343 698,343 743,343 788,343 832,340 877,340 922,337 967,340 1012,337 1056,340"/>
                <Word id="r_10_tl_1_w1" custom="readingOrder {index:0;}">
                    <Coords points="154,306 154,366 278,366 278,306"/>
                    <TextEquiv>
                        <Unicode>Perque</Unicode>
                    </TextEquiv>
                </Word>
                <Word id="r_10_tl_1_w2" custom="readingOrder {index:1;}">
                    <Coords points="311,306 311,366 391,366 391,306"/>
                    <TextEquiv>
                        <Unicode>vices</Unicode>
                    </TextEquiv>
                </Word>
                <Word id="r_10_tl_1_w3" custom="readingOrder {index:2;}">
                    <Coords points="425,306 425,366 554,366 554,306"/>
                    <TextEquiv>
                        <Unicode>cunctas</Unicode>
                    </TextEquiv>
                </Word>
                <Word id="r_10_tl_1_w4" custom="readingOrder {index:3;}">
                    <Coords points="587,300 587,360 619,360 619,300"/>
                    <TextEquiv>
                        <Unicode>vt</Unicode>
                    </TextEquiv>
                </Word>
                <Word id="r_10_tl_1_w5" custom="readingOrder {index:4;}">
                    <Coords points="647,303 647,363 711,363 711,303"/>
                    <TextEquiv>
                        <Unicode>erit</Unicode>
                    </TextEquiv>
                </Word>
                <Word id="r_10_tl_1_w6" custom="readingOrder {index:5;}">
                    <Coords points="733,300 733,360 911,360 911,300"/>
                    <TextEquiv>
                        <Unicode>mutabilis</Unicode>
                    </TextEquiv>
                </Word>
                <Word id="r_10_tl_1_w7" custom="readingOrder {index:6;}">
                    <Coords points="939,298 939,358 1041,358 1041,298"/>
                    <TextEquiv>
                        <Unicode>annus</Unicode>
                    </TextEquiv>
                </Word>
                <TextEquiv>
                    <Unicode>Perque vices cunctas vt erit mutabilis annus</Unicode>
                </TextEquiv>
            </TextLine>
            <TextLine id="r_10_tl_2" custom="readingOrder {index:1;}">
                <Coords points="193,406 1064,407 1064,369 914,349 843,373 193,354"/>
                <Baseline points="200,397 217,394 262,394 307,391 352,394 397,397 441,397 486,394 531,397 576,394 620,394 665,391 710,391 755,391 800,391 844,388 889,388 934,388 979,391 1024,391 1068,391"/>
                <Word id="r_10_tl_2_w1" custom="readingOrder {index:0;}">
                    <Coords points="204,352 204,412 377,412 377,352"/>
                    <TextEquiv>
                        <Unicode>Nunciat,</Unicode>
                    </TextEquiv>
                </Word>
                <Word id="r_10_tl_2_w2" custom="readingOrder {index:1;}">
                    <Coords points="400,356 400,416 486,416 486,356"/>
                    <TextEquiv>
                        <Unicode>haud</Unicode>
                    </TextEquiv>
                </Word>
                <Word id="r_10_tl_2_w3" custom="readingOrder {index:2;}">
                    <Coords points="519,354 519,414 610,414 610,354"/>
                    <TextEquiv>
                        <Unicode>fastis</Unicode>
                    </TextEquiv>
                </Word>
                <Word id="r_10_tl_2_w4" custom="readingOrder {index:3;}">
                    <Coords points="639,351 639,411 687,411 687,351"/>
                    <TextEquiv>
                        <Unicode>tam</Unicode>
                    </TextEquiv>
                </Word>
                <Word id="r_10_tl_2_w5" custom="readingOrder {index:4;}">
                    <Coords points="736,351 736,411 817,411 817,351"/>
                    <TextEquiv>
                        <Unicode>bene</Unicode>
                    </TextEquiv>
                </Word>
                <Word id="r_10_tl_2_w6" custom="readingOrder {index:5;}">
                    <Coords points="845,348 845,408 937,408 937,348"/>
                    <TextEquiv>
                        <Unicode>cedit</Unicode>
                    </TextEquiv>
                </Word>
                <Word id="r_10_tl_2_w7" custom="readingOrder {index:6;}">
                    <Coords points="965,351 965,411 1061,411 1061,351"/>
                    <TextEquiv>
                        <Unicode>opus.</Unicode>
                    </TextEquiv>
                </Word>
                <TextEquiv>
                    <Unicode>Nunciat, haud fastis tam bene cedit opus.</Unicode>
                </TextEquiv>
            </TextLine>
            <TextLine id="r_10_tl_3" custom="readingOrder {index:2;}">
                <Coords points="148,459 1185,461 1155,389 148,419"/>
                <Baseline points="155,447 158,447 203,444 247,444 292,444 337,444 382,444 426,444 471,444 516,444 561,444 606,444 650,441 695,438 740,441 785,441 829,438 874,438 919,438 964,438 1009,438 1053,438 1098,438 1143,438 1188,441"/>
                <Word id="r_10_tl_3_w1" custom="readingOrder {index:0;}">
                    <Coords points="152,404 152,464 295,464 295,404"/>
                    <TextEquiv>
                        <Unicode>Legerat</Unicode>
                    </TextEquiv>
                </Word>
                <Word id="r_10_tl_3_w2" custom="readingOrder {index:1;}">
                    <Coords points="320,404 320,464 344,464 344,404"/>
                    <TextEquiv>
                        <Unicode>is</Unicode>
                    </TextEquiv>
                </Word>
                <Word id="r_10_tl_3_w3" custom="readingOrder {index:2;}">
                    <Coords points="365,404 365,464 557,464 557,404"/>
                    <TextEquiv>
                        <Unicode>nunquam,</Unicode>
                    </TextEquiv>
                </Word>
                <Word id="r_10_tl_3_w4" custom="readingOrder {index:3;}">
                    <Coords points="582,402 582,462 675,462 675,402"/>
                    <TextEquiv>
                        <Unicode>rudis</Unicode>
                    </TextEquiv>
                </Word>
                <Word id="r_10_tl_3_w5" custom="readingOrder {index:4;}">
                    <Coords points="696,400 696,460 764,460 764,400"/>
                    <TextEquiv>
                        <Unicode>est,</Unicode>
                    </TextEquiv>
                </Word>
                <Word id="r_10_tl_3_w6" custom="readingOrder {index:5;}">
                    <Coords points="789,398 789,458 893,458 893,398"/>
                    <TextEquiv>
                        <Unicode>tamen</Unicode>
                    </TextEquiv>
                </Word>
                <Word id="r_10_tl_3_w7" custom="readingOrder {index:6;}">
                    <Coords points="928,398 928,458 1041,458 1041,398"/>
                    <TextEquiv>
                        <Unicode>omnia</Unicode>
                    </TextEquiv>
                </Word>
                <Word id="r_10_tl_3_w8" custom="readingOrder {index:7;}">
                    <Coords points="1066,398 1066,458 1179,458 1179,398"/>
                    <TextEquiv>
                        <Unicode>nouit.</Unicode>
                    </TextEquiv>
                </Word>
                <TextEquiv>
                    <Unicode>Legerat is nunquam, rudis est, tamen omnia nouit.</Unicode>
                </TextEquiv>
            </TextLine>
            <TextLine id="r_10_tl_4" custom="readingOrder {index:3;}">
                <Coords points="213,504 1089,496 1060,452 213,471"/>
                <Baseline points="220,492 241,495 286,492 331,492 376,492 420,495 465,495 510,495 555,492 600,492 644,489 689,489 734,492 779,489 824,489 868,486 913,489 958,486 1003,486 1047,486 1092,489"/>
                <Word id="r_10_tl_4_w1" custom="readingOrder {index:0;}">
                    <Coords points="212,453 212,513 306,513 306,453"/>
                    <TextEquiv>
                        <Unicode>Quae</Unicode>
                    </TextEquiv>
                </Word>
                <Word id="r_10_tl_4_w2" custom="readingOrder {index:1;}">
                    <Coords points="341,453 341,513 454,513 454,453"/>
                    <TextEquiv>
                        <Unicode>docuit</Unicode>
                    </TextEquiv>
                </Word>
                <Word id="r_10_tl_4_w3" custom="readingOrder {index:2;}">
                    <Coords points="484,452 484,512 632,512 632,452"/>
                    <TextEquiv>
                        <Unicode>recinens</Unicode>
                    </TextEquiv>
                </Word>
                <Word id="r_10_tl_4_w4" custom="readingOrder {index:3;}">
                    <Coords points="663,450 663,510 756,510 756,450"/>
                    <TextEquiv>
                        <Unicode>Musa</Unicode>
                    </TextEquiv>
                </Word>
                <Word id="r_10_tl_4_w5" custom="readingOrder {index:4;}">
                    <Coords points="786,446 786,506 944,506 944,446"/>
                    <TextEquiv>
                        <Unicode>Maronis</Unicode>
                    </TextEquiv>
                </Word>
                <Word id="r_10_tl_4_w6" custom="readingOrder {index:5;}">
                    <Coords points="974,446 974,506 1087,506 1087,446"/>
                    <TextEquiv>
                        <Unicode>agros.</Unicode>
                    </TextEquiv>
                </Word>
                <TextEquiv>
                    <Unicode>Quae docuit recinens Musa Maronis agros.</Unicode>
                </TextEquiv>
            </TextLine>
            <TextLine id="r_10_tl_5" custom="readingOrder {index:4;}">
                <Coords points="154,553 1080,557 1067,494 964,520 156,504"/>
                <Baseline points="161,546 188,543 232,540 277,543 322,543 367,543 412,543 456,543 501,543 546,543 591,543 635,543 680,540 725,540 770,540 815,540 859,537 904,537 949,537 994,534 1038,537 1083,537"/>
                <Word id="r_10_tl_5_w1" custom="readingOrder {index:0;}">
                    <Coords points="158,502 158,562 220,562 220,502"/>
                    <TextEquiv>
                        <Unicode>Iste</Unicode>
                    </TextEquiv>
                </Word>
                <Word id="r_10_tl_5_w2" custom="readingOrder {index:1;}">
                    <Coords points="249,503 249,563 346,563 346,503"/>
                    <TextEquiv>
                        <Unicode>lupum</Unicode>
                    </TextEquiv>
                </Word>
                <Word id="r_10_tl_5_w3" custom="readingOrder {index:2;}">
                    <Coords points="394,503 394,563 549,563 549,503"/>
                    <TextEquiv>
                        <Unicode>queritur</Unicode>
                    </TextEquiv>
                </Word>
                <Word id="r_10_tl_5_w4" custom="readingOrder {index:3;}">
                    <Coords points="578,500 578,560 761,560 761,500"/>
                    <TextEquiv>
                        <Unicode>praedonem</Unicode>
                    </TextEquiv>
                </Word>
                <Word id="r_10_tl_5_w5" custom="readingOrder {index:4;}">
                    <Coords points="815,497 815,557 949,557 949,497"/>
                    <TextEquiv>
                        <Unicode>nomine</Unicode>
                    </TextEquiv>
                </Word>
                <Word id="r_10_tl_5_w6" custom="readingOrder {index:5;}">
                    <Coords points="984,496 984,556 1065,556 1065,496"/>
                    <TextEquiv>
                        <Unicode>tecto</Unicode>
                    </TextEquiv>
                </Word>
                <TextEquiv>
                    <Unicode>Iste lupum queritur praedonem nomine tecto</Unicode>
                </TextEquiv>
            </TextLine>
            <TextLine id="r_10_tl_6" custom="readingOrder {index:5;}">
                <Coords points="216,603 986,601 986,563 955,556 216,556"/>
                <Baseline points="223,591 226,591 271,591 316,594 361,594 406,591 450,594 495,591 540,591 585,591 629,591 674,591 719,591 764,591 809,591 853,588 898,585 943,585 988,585"/>
                <Word id="r_10_tl_6_w1" custom="readingOrder {index:0;}">
                    <Coords points="216,551 216,611 277,611 277,551"/>
                    <TextEquiv>
                        <Unicode>Vel</Unicode>
                    </TextEquiv>
                </Word>
                <Word id="r_10_tl_6_w2" custom="readingOrder {index:1;}">
                    <Coords points="309,552 309,612 452,612 452,552"/>
                    <TextEquiv>
                        <Unicode>propriis</Unicode>
                    </TextEquiv>
                </Word>
                <Word id="r_10_tl_6_w3" custom="readingOrder {index:2;}">
                    <Coords points="484,551 484,611 587,611 587,551"/>
                    <TextEquiv>
                        <Unicode>titulis</Unicode>
                    </TextEquiv>
                </Word>
                <Word id="r_10_tl_6_w4" custom="readingOrder {index:3;}">
                    <Coords points="618,551 618,611 726,611 726,551"/>
                    <TextEquiv>
                        <Unicode>bellua</Unicode>
                    </TextEquiv>
                </Word>
                <Word id="r_10_tl_6_w5" custom="readingOrder {index:4;}">
                    <Coords points="758,551 758,611 839,611 839,551"/>
                    <TextEquiv>
                        <Unicode>dicta</Unicode>
                    </TextEquiv>
                </Word>
                <Word id="r_10_tl_6_w6" custom="readingOrder {index:5;}">
                    <Coords points="876,545 876,605 974,605 974,545"/>
                    <TextEquiv>
                        <Unicode>nocet</Unicode>
                    </TextEquiv>
                </Word>
                <TextEquiv>
                    <Unicode>Vel propriis titulis bellua dicta nocet</Unicode>
                </TextEquiv>
            </TextLine>
            <TextLine id="r_10_tl_7" custom="readingOrder {index:6;}">
                <Coords points="166,658 1078,652 1078,612 976,600 166,605"/>
                <Baseline points="173,641 185,641 229,641 274,641 319,641 364,641 409,641 453,638 498,641 543,641 588,641 632,638 677,638 722,638 767,638 812,638 856,635 901,635 946,635 991,635 1035,635 1080,635"/>
                <Word id="r_10_tl_7_w1" custom="readingOrder {index:0;}">
                    <Coords points="165,601 165,661 285,661 285,601"/>
                    <TextEquiv>
                        <Unicode>Molles</Unicode>
                    </TextEquiv>
                </Word>
                <Word id="r_10_tl_7_w2" custom="readingOrder {index:1;}">
                    <Coords points="314,601 314,661 444,661 444,601"/>
                    <TextEquiv>
                        <Unicode>quando</Unicode>
                    </TextEquiv>
                </Word>
                <Word id="r_10_tl_7_w3" custom="readingOrder {index:2;}">
                    <Coords points="483,601 483,661 580,661 580,601"/>
                    <TextEquiv>
                        <Unicode>nines</Unicode>
                    </TextEquiv>
                </Word>
                <Word id="r_10_tl_7_w4" custom="readingOrder {index:3;}">
                    <Coords points="604,598 604,658 730,658 730,598"/>
                    <TextEquiv>
                        <Unicode>floccos</Unicode>
                    </TextEquiv>
                </Word>
                <Word id="r_10_tl_7_w5" custom="readingOrder {index:4;}">
                    <Coords points="754,597 754,657 898,657 898,597"/>
                    <TextEquiv>
                        <Unicode>sparsere</Unicode>
                    </TextEquiv>
                </Word>
                <Word id="r_10_tl_7_w6" custom="readingOrder {index:5;}">
                    <Coords points="928,595 928,655 1072,655 1072,595"/>
                    <TextEquiv>
                        <Unicode>recentes</Unicode>
                    </TextEquiv>
                </Word>
                <TextEquiv>
                    <Unicode>Molles quando nines floccos sparsere recentes</Unicode>
                </TextEquiv>
            </TextLine>
            <TextLine id="r_10_tl_8" custom="readingOrder {index:7;}">
                <Coords points="210,712 1062,706 1062,674 976,643 770,671 695,646 210,661"/>
                <Baseline points="217,689 262,689 307,689 352,689 397,689 441,692 486,689 531,692 576,689 620,686 665,686 710,686 755,686 800,686 844,686 889,689 934,686 979,686 1024,686 1065,692"/>
                <Word id="r_10_tl_8_w1" custom="readingOrder {index:0;}">
                    <Coords points="215,649 215,709 330,709 330,649"/>
                    <TextEquiv>
                        <Unicode>Signat</Unicode>
                    </TextEquiv>
                </Word>
                <Word id="r_10_tl_8_w2" custom="readingOrder {index:1;}">
                    <Coords points="356,649 356,709 386,709 386,649"/>
                    <TextEquiv>
                        <Unicode>et</Unicode>
                    </TextEquiv>
                </Word>
                <Word id="r_10_tl_8_w3" custom="readingOrder {index:2;}">
                    <Coords points="418,650 418,710 589,710 589,650"/>
                    <TextEquiv>
                        <Unicode>impressum</Unicode>
                    </TextEquiv>
                </Word>
                <Word id="r_10_tl_8_w4" custom="readingOrder {index:3;}">
                    <Coords points="641,646 641,706 756,706 756,646"/>
                    <TextEquiv>
                        <Unicode>semita</Unicode>
                    </TextEquiv>
                </Word>
                <Word id="r_10_tl_8_w5" custom="readingOrder {index:4;}">
                    <Coords points="787,646 787,706 888,706 888,646"/>
                    <TextEquiv>
                        <Unicode>longa</Unicode>
                    </TextEquiv>
                </Word>
                <Word id="r_10_tl_8_w6" custom="readingOrder {index:5;}">
                    <Coords points="919,646 919,706 1055,706 1055,646"/>
                    <TextEquiv>
                        <Unicode>pedem.</Unicode>
                    </TextEquiv>
                </Word>
                <TextEquiv>
                    <Unicode>Signat et impressum semita longa pedem.</Unicode>
                </TextEquiv>
            </TextLine>
            <TextLine id="r_10_tl_9" custom="readingOrder {index:8;}">
                <Coords points="159,753 962,749 962,709 903,700 668,696 592,728 546,697 297,722 161,696"/>
                <Baseline points="167,737 203,734 247,740 292,737 337,740 382,740 426,740 471,740 516,740 561,740 606,737 650,737 695,737 740,734 785,734 829,734 874,734 919,734 964,734"/>
                <Word id="r_10_tl_9_w1" custom="readingOrder {index:0;}">
                    <Coords points="163,695 163,755 261,755 261,695"/>
                    <TextEquiv>
                        <Unicode>Retia</Unicode>
                    </TextEquiv>
                </Word>
                <Word id="r_10_tl_9_w2" custom="readingOrder {index:1;}">
                    <Coords points="295,700 295,760 432,760 432,700"/>
                    <TextEquiv>
                        <Unicode>venator</Unicode>
                    </TextEquiv>
                </Word>
                <Word id="r_10_tl_9_w3" custom="readingOrder {index:2;}">
                    <Coords points="461,700 461,760 593,760 593,700"/>
                    <TextEquiv>
                        <Unicode>tendit,</Unicode>
                    </TextEquiv>
                </Word>
                <Word id="r_10_tl_9_w4" custom="readingOrder {index:3;}">
                    <Coords points="617,695 617,755 820,755 820,695"/>
                    <TextEquiv>
                        <Unicode>robustaque</Unicode>
                    </TextEquiv>
                </Word>
                <Word id="r_10_tl_9_w5" custom="readingOrder {index:4;}">
                    <Coords points="849,694 849,754 957,754 957,694"/>
                    <TextEquiv>
                        <Unicode>pubes</Unicode>
                    </TextEquiv>
                </Word>
                <TextEquiv>
                    <Unicode>Retia venator tendit, robustaque pubes</Unicode>
                </TextEquiv>
            </TextLine>
            <TextLine id="r_10_tl_10" custom="readingOrder {index:9;}">
                <Coords points="213,802 1060,801 1060,747 1011,728 880,762 213,760"/>
                <Baseline points="220,785 265,788 310,788 355,788 400,791 444,791 489,791 534,788 579,788 623,788 668,785 713,782 758,785 803,785 847,785 892,785 937,782 982,785 1027,785 1062,788"/>
                <Word id="r_10_tl_10_w1" custom="readingOrder {index:0;}">
                    <Coords points="218,748 218,808 374,808 374,748"/>
                    <TextEquiv>
                        <Unicode>Confluit</Unicode>
                    </TextEquiv>
                </Word>
                <Word id="r_10_tl_10_w2" custom="readingOrder {index:1;}">
                    <Coords points="400,751 400,811 491,811 491,751"/>
                    <TextEquiv>
                        <Unicode>arma</Unicode>
                    </TextEquiv>
                </Word>
                <Word id="r_10_tl_10_w3" custom="readingOrder {index:2;}">
                    <Coords points="522,748 522,808 638,808 638,748"/>
                    <TextEquiv>
                        <Unicode>gerens</Unicode>
                    </TextEquiv>
                </Word>
                <Word id="r_10_tl_10_w4" custom="readingOrder {index:3;}">
                    <Coords points="668,743 668,803 704,803 704,743"/>
                    <TextEquiv>
                        <Unicode>vt</Unicode>
                    </TextEquiv>
                </Word>
                <Word id="r_10_tl_10_w5" custom="readingOrder {index:4;}">
                    <Coords points="730,745 730,805 795,805 795,745"/>
                    <TextEquiv>
                        <Unicode>fera</Unicode>
                    </TextEquiv>
                </Word>
                <Word id="r_10_tl_10_w6" custom="readingOrder {index:5;}">
                    <Coords points="826,745 826,805 916,805 916,745"/>
                    <TextEquiv>
                        <Unicode>saeva</Unicode>
                    </TextEquiv>
                </Word>
                <Word id="r_10_tl_10_w7" custom="readingOrder {index:6;}">
                    <Coords points="948,745 948,805 1058,805 1058,745"/>
                    <TextEquiv>
                        <Unicode>cadat.</Unicode>
                    </TextEquiv>
                </Word>
                <TextEquiv>
                    <Unicode>Confluit arma gerens vt fera saeva cadat.</Unicode>
                </TextEquiv>
            </TextLine>
            <TextLine id="r_10_tl_11" custom="readingOrder {index:10;}">
                <Coords points="169,854 997,852 977,792 170,809"/>
                <Baseline points="176,835 194,838 238,838 283,838 328,838 373,835 417,838 462,838 507,838 552,835 597,835 641,832 686,832 731,832 776,835 821,832 865,829 910,829 955,832 1000,829"/>
                <Word id="r_10_tl_11_w1" custom="readingOrder {index:0;}">
                    <Coords points="173,798 173,858 241,858 241,798"/>
                    <TextEquiv>
                        <Unicode>Cum</Unicode>
                    </TextEquiv>
                </Word>
                <Word id="r_10_tl_11_w2" custom="readingOrder {index:1;}">
                    <Coords points="291,797 291,857 379,857 379,797"/>
                    <TextEquiv>
                        <Unicode>iacet</Unicode>
                    </TextEquiv>
                </Word>
                <Word id="r_10_tl_11_w3" custom="readingOrder {index:2;}">
                    <Coords points="404,798 404,858 457,858 457,798"/>
                    <TextEquiv>
                        <Unicode>ista</Unicode>
                    </TextEquiv>
                </Word>
                <Word id="r_10_tl_11_w4" custom="readingOrder {index:3;}">
                    <Coords points="492,796 492,856 560,856 560,796"/>
                    <TextEquiv>
                        <Unicode>suas</Unicode>
                    </TextEquiv>
                </Word>
                <Word id="r_10_tl_11_w5" custom="readingOrder {index:4;}">
                    <Coords points="590,792 590,852 717,852 717,792"/>
                    <TextEquiv>
                        <Unicode>exercet</Unicode>
                    </TextEquiv>
                </Word>
                <Word id="r_10_tl_11_w6" custom="readingOrder {index:5;}">
                    <Coords points="747,792 747,852 889,852 889,792"/>
                    <TextEquiv>
                        <Unicode>quilibet</Unicode>
                    </TextEquiv>
                </Word>
                <Word id="r_10_tl_11_w7" custom="readingOrder {index:6;}">
                    <Coords points="919,791 919,851 982,851 982,791"/>
                    <TextEquiv>
                        <Unicode>iras</Unicode>
                    </TextEquiv>
                </Word>
                <TextEquiv>
                    <Unicode>Cum iacet ista suas exercet quilibet iras</Unicode>
                </TextEquiv>
            </TextLine>
            <TextLine id="r_10_tl_12" custom="readingOrder {index:11;}">
                <Coords points="216,907 980,906 980,856 868,844 216,856"/>
                <Baseline points="223,883 265,886 310,883 355,886 400,886 444,886 489,886 534,886 579,883 623,886 668,883 713,883 758,883 803,883 847,883 892,883 937,883 982,880"/>
                <Word id="r_10_tl_12_w1" custom="readingOrder {index:0;}">
                    <Coords points="221,843 221,903 373,903 373,843"/>
                    <TextEquiv>
                        <Unicode>Fustibus</Unicode>
                    </TextEquiv>
                </Word>
                <Word id="r_10_tl_12_w2" custom="readingOrder {index:1;}">
                    <Coords points="404,846 404,906 530,906 530,846"/>
                    <TextEquiv>
                        <Unicode>inuadit</Unicode>
                    </TextEquiv>
                </Word>
                <Word id="r_10_tl_12_w3" custom="readingOrder {index:2;}">
                    <Coords points="562,844 562,904 642,904 642,844"/>
                    <TextEquiv>
                        <Unicode>gens</Unicode>
                    </TextEquiv>
                </Word>
                <Word id="r_10_tl_12_w4" custom="readingOrder {index:3;}">
                    <Coords points="674,843 674,903 810,903 810,843"/>
                    <TextEquiv>
                        <Unicode>inimica</Unicode>
                    </TextEquiv>
                </Word>
                <Word id="r_10_tl_12_w5" custom="readingOrder {index:4;}">
                    <Coords points="841,843 841,903 978,903 978,843"/>
                    <TextEquiv>
                        <Unicode>lupum.</Unicode>
                    </TextEquiv>
                </Word>
                <TextEquiv>
                    <Unicode>Fustibus inuadit gens inimica lupum.</Unicode>
                </TextEquiv>
            </TextLine>
            <TextLine id="r_10_tl_13" custom="readingOrder {index:12;}">
                <Coords points="169,951 980,936 1098,964 1098,905 1020,888 907,915 169,900"/>
                <Baseline points="176,934 206,937 250,937 295,934 340,937 385,937 429,937 474,937 519,937 564,934 609,934 653,931 698,931 743,931 788,931 832,931 877,931 922,931 967,931 1012,931 1056,931 1101,931"/>
                <Word id="r_10_tl_13_w1" custom="readingOrder {index:0;}">
                    <Coords points="174,896 174,956 333,956 333,896"/>
                    <TextEquiv>
                        <Unicode>Quilibet</Unicode>
                    </TextEquiv>
                </Word>
                <Word id="r_10_tl_13_w2" custom="readingOrder {index:1;}">
                    <Coords points="365,897 365,957 488,957 488,897"/>
                    <TextEquiv>
                        <Unicode>accusat</Unicode>
                    </TextEquiv>
                </Word>
                <Word id="r_10_tl_13_w3" custom="readingOrder {index:2;}">
                    <Coords points="514,894 514,954 643,954 643,894"/>
                    <TextEquiv>
                        <Unicode>nocuum</Unicode>
                    </TextEquiv>
                </Word>
                <Word id="r_10_tl_13_w4" custom="readingOrder {index:3;}">
                    <Coords points="690,891 690,951 885,951 885,891"/>
                    <TextEquiv>
                        <Unicode>pecudisque</Unicode>
                    </TextEquiv>
                </Word>
                <Word id="r_10_tl_13_w5" custom="readingOrder {index:4;}">
                    <Coords points="922,891 922,951 1086,951 1086,891"/>
                    <TextEquiv>
                        <Unicode>peremtae</Unicode>
                    </TextEquiv>
                </Word>
                <TextEquiv>
                    <Unicode>Quilibet accusat nocuum pecudisque peremtae</Unicode>
                </TextEquiv>
            </TextLine>
            <TextLine id="r_10_tl_14" custom="readingOrder {index:13;}">
                <Coords points="228,994 1018,992 996,944 228,954"/>
                <Baseline points="235,982 259,982 304,982 349,982 394,985 438,985 483,985 528,985 573,985 618,982 662,982 707,982 752,982 797,979 841,976 886,976 931,979 976,976 1021,976"/>
                <Word id="r_10_tl_14_w1" custom="readingOrder {index:0;}">
                    <Coords points="228,942 228,1002 318,1002 318,942"/>
                    <TextEquiv>
                        <Unicode>Vltor</Unicode>
                    </TextEquiv>
                </Word>
                <Word id="r_10_tl_14_w2" custom="readingOrder {index:1;}">
                    <Coords points="350,945 350,1005 446,1005 446,945"/>
                    <TextEquiv>
                        <Unicode>ouis,</Unicode>
                    </TextEquiv>
                </Word>
                <Word id="r_10_tl_14_w3" custom="readingOrder {index:2;}">
                    <Coords points="473,945 473,1005 589,1005 589,945"/>
                    <TextEquiv>
                        <Unicode>vituli,</Unicode>
                    </TextEquiv>
                </Word>
                <Word id="r_10_tl_14_w4" custom="readingOrder {index:3;}">
                    <Coords points="623,942 623,1002 675,1002 675,942"/>
                    <TextEquiv>
                        <Unicode>vel</Unicode>
                    </TextEquiv>
                </Word>
                <Word id="r_10_tl_14_w5" custom="readingOrder {index:4;}">
                    <Coords points="702,942 702,1002 797,1002 797,942"/>
                    <TextEquiv>
                        <Unicode>cupit</Unicode>
                    </TextEquiv>
                </Word>
                <Word id="r_10_tl_14_w6" custom="readingOrder {index:5;}">
                    <Coords points="825,936 825,996 882,996 882,936"/>
                    <TextEquiv>
                        <Unicode>esse</Unicode>
                    </TextEquiv>
                </Word>
                <Word id="r_10_tl_14_w7" custom="readingOrder {index:6;}">
                    <Coords points="915,936 915,996 1016,996 1016,936"/>
                    <TextEquiv>
                        <Unicode>bouis</Unicode>
                    </TextEquiv>
                </Word>
                <TextEquiv>
                    <Unicode>Vltor ouis, vituli, vel cupit esse bouis</Unicode>
                </TextEquiv>
            </TextLine>
            <TextLine id="r_10_tl_15" custom="readingOrder {index:14;}">
                <Coords points="172,1051 1104,1053 1139,1047 1141,980 172,997"/>
                <Baseline points="179,1032 203,1032 247,1032 292,1032 337,1032 382,1032 426,1032 471,1032 516,1030 561,1032 606,1032 650,1032 695,1030 740,1030 785,1027 829,1024 874,1027 919,1027 964,1027 1009,1024 1053,1027 1098,1027 1143,1027"/>
                <Word id="r_10_tl_15_w1" custom="readingOrder {index:0;}">
                    <Coords points="171,992 171,1052 339,1052 339,992"/>
                    <TextEquiv>
                        <Unicode>Tempora</Unicode>
                    </TextEquiv>
                </Word>
                <Word id="r_10_tl_15_w2" custom="readingOrder {index:1;}">
                    <Coords points="374,992 374,1052 502,1052 502,992"/>
                    <TextEquiv>
                        <Unicode>quando</Unicode>
                    </TextEquiv>
                </Word>
                <Word id="r_10_tl_15_w3" custom="readingOrder {index:2;}">
                    <Coords points="537,992 537,1052 655,1052 655,992"/>
                    <TextEquiv>
                        <Unicode>fauent</Unicode>
                    </TextEquiv>
                </Word>
                <Word id="r_10_tl_15_w4" custom="readingOrder {index:3;}">
                    <Coords points="681,988 681,1048 848,1048 848,988"/>
                    <TextEquiv>
                        <Unicode>praeuisos</Unicode>
                    </TextEquiv>
                </Word>
                <Word id="r_10_tl_15_w5" custom="readingOrder {index:4;}">
                    <Coords points="878,987 878,1047 971,1047 971,987"/>
                    <TextEquiv>
                        <Unicode>aptat</Unicode>
                    </TextEquiv>
                </Word>
                <Word id="r_10_tl_15_w6" custom="readingOrder {index:5;}">
                    <Coords points="1002,984 1002,1044 1026,1044 1026,984"/>
                    <TextEquiv>
                        <Unicode>in</Unicode>
                    </TextEquiv>
                </Word>
                <Word id="r_10_tl_15_w7" custom="readingOrder {index:6;}">
                    <Coords points="1061,987 1061,1047 1134,1047 1134,987"/>
                    <TextEquiv>
                        <Unicode>vsus</Unicode>
                    </TextEquiv>
                </Word>
                <TextEquiv>
                    <Unicode>Tempora quando fauent praeuisos aptat in vsus</Unicode>
                </TextEquiv>
            </TextLine>
            <TextLine id="r_10_tl_16" custom="readingOrder {index:15;}">
                <Coords points="224,1089 874,1101 1082,1084 1084,1054 226,1041"/>
                <Baseline points="232,1080 235,1080 280,1080 325,1080 370,1080 414,1077 459,1077 504,1077 549,1080 594,1080 638,1080 683,1077 728,1074 773,1074 818,1074 862,1071 907,1071 952,1071 997,1071 1041,1071 1086,1074"/>
                <Word id="r_10_tl_16_w1" custom="readingOrder {index:0;}">
                    <Coords points="229,1040 229,1100 337,1100 337,1040"/>
                    <TextEquiv>
                        <Unicode>Tigna</Unicode>
                    </TextEquiv>
                </Word>
                <Word id="r_10_tl_16_w2" custom="readingOrder {index:1;}">
                    <Coords points="370,1037 370,1097 462,1097 462,1037"/>
                    <TextEquiv>
                        <Unicode>faber</Unicode>
                    </TextEquiv>
                </Word>
                <Word id="r_10_tl_16_w3" custom="readingOrder {index:2;}">
                    <Coords points="489,1040 489,1100 613,1100 613,1040"/>
                    <TextEquiv>
                        <Unicode>syluis,</Unicode>
                    </TextEquiv>
                </Word>
                <Word id="r_10_tl_16_w4" custom="readingOrder {index:3;}">
                    <Coords points="635,1036 635,1096 754,1096 754,1036"/>
                    <TextEquiv>
                        <Unicode>cuncta</Unicode>
                    </TextEquiv>
                </Word>
                <Word id="r_10_tl_16_w5" custom="readingOrder {index:4;}">
                    <Coords points="786,1031 786,1091 915,1091 915,1031"/>
                    <TextEquiv>
                        <Unicode>fragore</Unicode>
                    </TextEquiv>
                </Word>
                <Word id="r_10_tl_16_w6" custom="readingOrder {index:5;}">
                    <Coords points="948,1031 948,1091 1082,1091 1082,1031"/>
                    <TextEquiv>
                        <Unicode>tonant.</Unicode>
                    </TextEquiv>
                </Word>
                <TextEquiv>
                    <Unicode>Tigna faber syluis, cuncta fragore tonant.</Unicode>
                </TextEquiv>
            </TextLine>
            <TextLine id="r_10_tl_17" custom="readingOrder {index:16;}">
                <Coords points="172,1151 1154,1148 1191,1141 1193,1089 172,1088"/>
                <Baseline points="179,1131 208,1128 253,1128 298,1128 343,1128 388,1128 432,1128 477,1128 522,1128 567,1128 612,1128 656,1128 701,1125 746,1122 791,1122 835,1122 880,1122 925,1119 970,1119 1015,1122 1059,1122 1104,1122 1149,1125 1194,1125"/>
                <Word id="r_10_tl_17_w1" custom="readingOrder {index:0;}">
                    <Coords points="177,1088 177,1148 312,1148 312,1088"/>
                    <TextEquiv>
                        <Unicode>Frigore</Unicode>
                    </TextEquiv>
                </Word>
                <Word id="r_10_tl_17_w2" custom="readingOrder {index:1;}">
                    <Coords points="342,1088 342,1148 397,1148 397,1088"/>
                    <TextEquiv>
                        <Unicode>cum</Unicode>
                    </TextEquiv>
                </Word>
                <Word id="r_10_tl_17_w3" custom="readingOrder {index:2;}">
                    <Coords points="448,1088 448,1148 573,1148 573,1088"/>
                    <TextEquiv>
                        <Unicode>summo</Unicode>
                    </TextEquiv>
                </Word>
                <Word id="r_10_tl_17_w4" custom="readingOrder {index:3;}">
                    <Coords points="609,1087 609,1147 729,1147 729,1087"/>
                    <TextEquiv>
                        <Unicode>boreas</Unicode>
                    </TextEquiv>
                </Word>
                <Word id="r_10_tl_17_w5" custom="readingOrder {index:4;}">
                    <Coords points="755,1082 755,1142 849,1142 849,1082"/>
                    <TextEquiv>
                        <Unicode>furit,</Unicode>
                    </TextEquiv>
                </Word>
                <Word id="r_10_tl_17_w6" custom="readingOrder {index:5;}">
                    <Coords points="875,1079 875,1139 1005,1139 1005,1079"/>
                    <TextEquiv>
                        <Unicode>aethera</Unicode>
                    </TextEquiv>
                </Word>
                <Word id="r_10_tl_17_w7" custom="readingOrder {index:6;}">
                    <Coords points="1031,1082 1031,1142 1186,1142 1186,1082"/>
                    <TextEquiv>
                        <Unicode>stringens</Unicode>
                    </TextEquiv>
                </Word>
                <TextEquiv>
                    <Unicode>Frigore cum summo boreas furit, aethera stringens</Unicode>
                </TextEquiv>
            </TextLine>
            <TextLine id="r_10_tl_18" custom="readingOrder {index:17;}">
                <Coords points="222,1194 1113,1195 1138,1158 223,1146"/>
                <Baseline points="229,1179 244,1179 289,1179 334,1179 379,1179 423,1179 468,1179 513,1179 558,1179 603,1176 647,1176 692,1176 737,1176 782,1173 826,1173 871,1173 916,1173 961,1170 1006,1170 1050,1173 1095,1173 1140,1176"/>
                <Word id="r_10_tl_18_w1" custom="readingOrder {index:0;}">
                    <Coords points="225,1139 225,1199 379,1199 379,1139"/>
                    <TextEquiv>
                        <Unicode>Cumque</Unicode>
                    </TextEquiv>
                </Word>
                <Word id="r_10_tl_18_w2" custom="readingOrder {index:1;}">
                    <Coords points="407,1139 407,1199 523,1199 523,1139"/>
                    <TextEquiv>
                        <Unicode>rigent</Unicode>
                    </TextEquiv>
                </Word>
                <Word id="r_10_tl_18_w3" custom="readingOrder {index:2;}">
                    <Coords points="551,1136 551,1196 663,1196 663,1136"/>
                    <TextEquiv>
                        <Unicode>artus,</Unicode>
                    </TextEquiv>
                </Word>
                <Word id="r_10_tl_18_w4" custom="readingOrder {index:3;}">
                    <Coords points="686,1136 686,1196 746,1196 746,1136"/>
                    <TextEquiv>
                        <Unicode>nec</Unicode>
                    </TextEquiv>
                </Word>
                <Word id="r_10_tl_18_w5" custom="readingOrder {index:4;}">
                    <Coords points="775,1133 775,1193 858,1193 858,1133"/>
                    <TextEquiv>
                        <Unicode>bene</Unicode>
                    </TextEquiv>
                </Word>
                <Word id="r_10_tl_18_w6" custom="readingOrder {index:5;}">
                    <Coords points="887,1131 887,1191 998,1191 998,1131"/>
                    <TextEquiv>
                        <Unicode>feruet</Unicode>
                    </TextEquiv>
                </Word>
                <Word id="r_10_tl_18_w7" custom="readingOrder {index:6;}">
                    <Coords points="1026,1133 1026,1193 1124,1193 1124,1133"/>
                    <TextEquiv>
                        <Unicode>opus.</Unicode>
                    </TextEquiv>
                </Word>
                <TextEquiv>
                    <Unicode>Cumque rigent artus, nec bene feruet opus.</Unicode>
                </TextEquiv>
            </TextLine>
            <TextLine id="r_10_tl_19" custom="readingOrder {index:18;}">
                <Coords points="181,1241 441,1261 1071,1229 1072,1193 1021,1178 722,1208 183,1191"/>
                <Baseline points="188,1227 223,1230 268,1230 313,1230 358,1230 403,1233 447,1230 492,1230 537,1227 582,1230 626,1227 671,1227 716,1227 761,1227 806,1227 850,1224 895,1224 940,1224 985,1224 1030,1221 1074,1221"/>
                <Word id="r_10_tl_19_w1" custom="readingOrder {index:0;}">
                    <Coords points="181,1190 181,1250 294,1250 294,1190"/>
                    <TextEquiv>
                        <Unicode>Cultor</Unicode>
                    </TextEquiv>
                </Word>
                <Word id="r_10_tl_19_w2" custom="readingOrder {index:1;}">
                    <Coords points="326,1190 326,1250 397,1250 397,1190"/>
                    <TextEquiv>
                        <Unicode>agri</Unicode>
                    </TextEquiv>
                </Word>
                <Word id="r_10_tl_19_w3" custom="readingOrder {index:2;}">
                    <Coords points="419,1190 419,1250 542,1250 542,1190"/>
                    <TextEquiv>
                        <Unicode>gaudet</Unicode>
                    </TextEquiv>
                </Word>
                <Word id="r_10_tl_19_w4" custom="readingOrder {index:3;}">
                    <Coords points="569,1187 569,1247 723,1247 723,1187"/>
                    <TextEquiv>
                        <Unicode>loribus,</Unicode>
                    </TextEquiv>
                </Word>
                <Word id="r_10_tl_19_w5" custom="readingOrder {index:4;}">
                    <Coords points="750,1186 750,1246 889,1246 889,1186"/>
                    <TextEquiv>
                        <Unicode>magalia</Unicode>
                    </TextEquiv>
                </Word>
                <Word id="r_10_tl_19_w6" custom="readingOrder {index:5;}">
                    <Coords points="921,1183 921,1243 1054,1243 1054,1183"/>
                    <TextEquiv>
                        <Unicode>fumant</Unicode>
                    </TextEquiv>
                </Word>
                <TextEquiv>
                    <Unicode>Cultor agri gaudet loribus, magalia fumant</Unicode>
                </TextEquiv>
            </TextLine>
            <TextLine id="r_10_tl_20" custom="readingOrder {index:19;}">
                <Coords points="224,1296 913,1287 913,1246 793,1235 438,1261 390,1238 224,1239"/>
                <Baseline points="232,1274 277,1277 322,1277 367,1277 412,1277 456,1277 501,1277 546,1277 591,1277 635,1277 680,1277 725,1277 770,1274 815,1274 859,1274 904,1274 916,1274"/>
                <Word id="r_10_tl_20_w1" custom="readingOrder {index:0;}">
                    <Coords points="228,1235 228,1295 292,1295 292,1235"/>
                    <TextEquiv>
                        <Unicode>Res</Unicode>
                    </TextEquiv>
                </Word>
                <Word id="r_10_tl_20_w2" custom="readingOrder {index:1;}">
                    <Coords points="318,1237 318,1297 391,1297 391,1237"/>
                    <TextEquiv>
                        <Unicode>agit</Unicode>
                    </TextEquiv>
                </Word>
                <Word id="r_10_tl_20_w3" custom="readingOrder {index:2;}">
                    <Coords points="422,1237 422,1297 565,1297 565,1237"/>
                    <TextEquiv>
                        <Unicode>internas</Unicode>
                    </TextEquiv>
                </Word>
                <Word id="r_10_tl_20_w4" custom="readingOrder {index:3;}">
                    <Coords points="595,1237 595,1297 743,1297 743,1237"/>
                    <TextEquiv>
                        <Unicode>officiosa</Unicode>
                    </TextEquiv>
                </Word>
                <Word id="r_10_tl_20_w5" custom="readingOrder {index:4;}">
                    <Coords points="773,1234 773,1294 911,1294 911,1234"/>
                    <TextEquiv>
                        <Unicode>domus.</Unicode>
                    </TextEquiv>
                </Word>
                <TextEquiv>
                    <Unicode>Res agit internas officiosa domus.</Unicode>
                </TextEquiv>
            </TextLine>
            <TextLine id="r_10_tl_21" custom="readingOrder {index:20;}">
                <Coords points="175,1334 1098,1336 1085,1281 398,1308 175,1276"/>
                <Baseline points="182,1328 206,1325 250,1325 295,1325 340,1328 385,1328 429,1328 474,1328 519,1328 564,1331 609,1328 653,1328 698,1328 743,1325 788,1325 832,1325 877,1325 922,1325 967,1325 1012,1325 1056,1322 1101,1325"/>
                <Word id="r_10_tl_21_w1" custom="readingOrder {index:0;}">
                    <Coords points="180,1285 180,1345 257,1345 257,1285"/>
                    <TextEquiv>
                        <Unicode>Pars</Unicode>
                    </TextEquiv>
                </Word>
                <Word id="r_10_tl_21_w2" custom="readingOrder {index:1;}">
                    <Coords points="283,1287 283,1347 371,1347 371,1287"/>
                    <TextEquiv>
                        <Unicode>sedet</Unicode>
                    </TextEquiv>
                </Word>
                <Word id="r_10_tl_21_w3" custom="readingOrder {index:2;}">
                    <Coords points="403,1288 403,1348 433,1348 433,1288"/>
                    <TextEquiv>
                        <Unicode>et</Unicode>
                    </TextEquiv>
                </Word>
                <Word id="r_10_tl_21_w4" custom="readingOrder {index:3;}">
                    <Coords points="459,1288 459,1348 557,1348 557,1288"/>
                    <TextEquiv>
                        <Unicode>vulsis</Unicode>
                    </TextEquiv>
                </Word>
                <Word id="r_10_tl_21_w5" custom="readingOrder {index:4;}">
                    <Coords points="584,1288 584,1348 677,1348 677,1288"/>
                    <TextEquiv>
                        <Unicode>parat</Unicode>
                    </TextEquiv>
                </Word>
                <Word id="r_10_tl_21_w6" custom="readingOrder {index:5;}">
                    <Coords points="703,1285 703,1345 775,1345 775,1285"/>
                    <TextEquiv>
                        <Unicode>apta</Unicode>
                    </TextEquiv>
                </Word>
                <Word id="r_10_tl_21_w7" custom="readingOrder {index:6;}">
                    <Coords points="807,1285 807,1345 930,1345 930,1285"/>
                    <TextEquiv>
                        <Unicode>cubilia</Unicode>
                    </TextEquiv>
                </Word>
                <Word id="r_10_tl_21_w8" custom="readingOrder {index:7;}">
                    <Coords points="962,1284 962,1344 1086,1344 1086,1284"/>
                    <TextEquiv>
                        <Unicode>plumis</Unicode>
                    </TextEquiv>
                </Word>
                <TextEquiv>
                    <Unicode>Pars sedet et vulsis parat apta cubilia plumis</Unicode>
                </TextEquiv>
            </TextLine>
            <TextLine id="r_10_tl_22" custom="readingOrder {index:21;}">
                <Coords points="224,1383 1101,1397 1101,1335 1054,1331 722,1361 224,1348"/>
                <Baseline points="232,1376 253,1376 298,1376 343,1376 388,1379 432,1379 477,1376 522,1379 567,1379 612,1379 656,1379 701,1376 746,1376 791,1376 835,1373 880,1376 925,1376 970,1373 1015,1373 1059,1376 1104,1373"/>
                <Word id="r_10_tl_22_w1" custom="readingOrder {index:0;}">
                    <Coords points="223,1336 223,1396 332,1396 332,1336"/>
                    <TextEquiv>
                        <Unicode>Lintea</Unicode>
                    </TextEquiv>
                </Word>
                <Word id="r_10_tl_22_w2" custom="readingOrder {index:1;}">
                    <Coords points="367,1339 367,1399 436,1399 436,1339"/>
                    <TextEquiv>
                        <Unicode>pars</Unicode>
                    </TextEquiv>
                </Word>
                <Word id="r_10_tl_22_w3" custom="readingOrder {index:2;}">
                    <Coords points="466,1339 466,1399 604,1399 604,1339"/>
                    <TextEquiv>
                        <Unicode>densat,</Unicode>
                    </TextEquiv>
                </Word>
                <Word id="r_10_tl_22_w4" custom="readingOrder {index:3;}">
                    <Coords points="625,1338 625,1398 699,1398 699,1338"/>
                    <TextEquiv>
                        <Unicode>pars</Unicode>
                    </TextEquiv>
                </Word>
                <Word id="r_10_tl_22_w5" custom="readingOrder {index:4;}">
                    <Coords points="729,1336 729,1396 837,1396 837,1336"/>
                    <TextEquiv>
                        <Unicode>trahit</Unicode>
                    </TextEquiv>
                </Word>
                <Word id="r_10_tl_22_w6" custom="readingOrder {index:5;}">
                    <Coords points="863,1336 863,1396 927,1396 927,1336"/>
                    <TextEquiv>
                        <Unicode>arte</Unicode>
                    </TextEquiv>
                </Word>
                <Word id="r_10_tl_22_w7" custom="readingOrder {index:6;}">
                    <Coords points="962,1333 962,1393 1090,1393 1090,1333"/>
                    <TextEquiv>
                        <Unicode>colum.</Unicode>
                    </TextEquiv>
                </Word>
                <TextEquiv>
                    <Unicode>Lintea pars densat, pars trahit arte colum.</Unicode>
                </TextEquiv>
            </TextLine>
            <TextLine id="r_10_tl_23" custom="readingOrder {index:22;}">
                <Coords points="172,1440 997,1435 997,1383 578,1412 441,1383 403,1406 172,1390"/>
                <Baseline points="179,1424 194,1424 238,1424 283,1427 328,1427 373,1427 417,1427 462,1427 507,1424 552,1427 597,1427 641,1427 686,1427 731,1424 776,1424 821,1421 865,1424 910,1424 955,1424 1000,1421"/>
                <Word id="r_10_tl_23_w1" custom="readingOrder {index:0;}">
                    <Coords points="177,1384 177,1444 303,1444 303,1384"/>
                    <TextEquiv>
                        <Unicode>Interea</Unicode>
                    </TextEquiv>
                </Word>
                <Word id="r_10_tl_23_w2" custom="readingOrder {index:1;}">
                    <Coords points="334,1387 334,1447 456,1447 456,1387"/>
                    <TextEquiv>
                        <Unicode>blandi</Unicode>
                    </TextEquiv>
                </Word>
                <Word id="r_10_tl_23_w3" custom="readingOrder {index:2;}">
                    <Coords points="482,1384 482,1444 552,1444 552,1384"/>
                    <TextEquiv>
                        <Unicode>spes</Unicode>
                    </TextEquiv>
                </Word>
                <Word id="r_10_tl_23_w4" custom="readingOrder {index:3;}">
                    <Coords points="584,1387 584,1447 731,1447 731,1387"/>
                    <TextEquiv>
                        <Unicode>concipit</Unicode>
                    </TextEquiv>
                </Word>
                <Word id="r_10_tl_23_w5" custom="readingOrder {index:4;}">
                    <Coords points="757,1381 757,1441 873,1441 873,1381"/>
                    <TextEquiv>
                        <Unicode>omina</Unicode>
                    </TextEquiv>
                </Word>
                <Word id="r_10_tl_23_w6" custom="readingOrder {index:5;}">
                    <Coords points="904,1384 904,1444 990,1444 990,1384"/>
                    <TextEquiv>
                        <Unicode>veris</Unicode>
                    </TextEquiv>
                </Word>
                <TextEquiv>
                    <Unicode>Interea blandi spes concipit omina veris</Unicode>
                </TextEquiv>
            </TextLine>
            <TextLine id="r_10_tl_24" custom="readingOrder {index:23;}">
                <Coords points="231,1486 1003,1492 1003,1441 944,1432 399,1458 231,1440"/>
                <Baseline points="238,1474 283,1474 328,1474 373,1474 417,1474 462,1474 507,1477 552,1474 597,1474 641,1474 686,1474 731,1474 776,1474 821,1474 865,1474 910,1471 955,1474 1000,1474 1006,1474"/>
                <Word id="r_10_tl_24_w1" custom="readingOrder {index:0;}">
                    <Coords points="231,1434 231,1494 366,1494 366,1434"/>
                    <TextEquiv>
                        <Unicode>Instruit</Unicode>
                    </TextEquiv>
                </Word>
                <Word id="r_10_tl_24_w2" custom="readingOrder {index:1;}">
                    <Coords points="397,1434 397,1494 421,1494 421,1434"/>
                    <TextEquiv>
                        <Unicode>et</Unicode>
                    </TextEquiv>
                </Word>
                <Word id="r_10_tl_24_w3" custom="readingOrder {index:2;}">
                    <Coords points="452,1436 452,1496 578,1496 578,1436"/>
                    <TextEquiv>
                        <Unicode>calidos</Unicode>
                    </TextEquiv>
                </Word>
                <Word id="r_10_tl_24_w4" custom="readingOrder {index:3;}">
                    <Coords points="609,1434 609,1494 729,1494 729,1434"/>
                    <TextEquiv>
                        <Unicode>frigida</Unicode>
                    </TextEquiv>
                </Word>
                <Word id="r_10_tl_24_w5" custom="readingOrder {index:4;}">
                    <Coords points="760,1434 760,1494 875,1494 875,1434"/>
                    <TextEquiv>
                        <Unicode>bruma</Unicode>
                    </TextEquiv>
                </Word>
                <Word id="r_10_tl_24_w6" custom="readingOrder {index:5;}">
                    <Coords points="911,1433 911,1493 996,1493 996,1433"/>
                    <TextEquiv>
                        <Unicode>dies.</Unicode>
                    </TextEquiv>
                </Word>
                <TextEquiv>
                    <Unicode>Instruit et calidos frigida bruma dies.</Unicode>
                </TextEquiv>
            </TextLine>
            <TextLine id="r_10_tl_25" custom="readingOrder {index:24;}">
                <Coords points="172,1545 1139,1548 1139,1482 1056,1475 172,1488"/>
                <Baseline points="179,1522 203,1519 247,1522 292,1522 337,1525 382,1525 426,1525 471,1525 516,1522 561,1525 606,1525 650,1525 695,1522 740,1519 785,1519 829,1519 874,1522 919,1522 964,1522 1009,1522 1053,1522 1098,1522 1143,1519"/>
                <Word id="r_10_tl_25_w1" custom="readingOrder {index:0;}">
                    <Coords points="176,1479 176,1539 243,1539 243,1479"/>
                    <TextEquiv>
                        <Unicode>Dat</Unicode>
                    </TextEquiv>
                </Word>
                <Word id="r_10_tl_25_w2" custom="readingOrder {index:1;}">
                    <Coords points="272,1483 272,1543 368,1543 368,1483"/>
                    <TextEquiv>
                        <Unicode>lanus</Unicode>
                    </TextEquiv>
                </Word>
                <Word id="r_10_tl_25_w3" custom="readingOrder {index:2;}">
                    <Coords points="397,1485 397,1545 483,1545 483,1485"/>
                    <TextEquiv>
                        <Unicode>bona</Unicode>
                    </TextEquiv>
                </Word>
                <Word id="r_10_tl_25_w4" custom="readingOrder {index:3;}">
                    <Coords points="517,1485 517,1545 613,1545 613,1485"/>
                    <TextEquiv>
                        <Unicode>verba</Unicode>
                    </TextEquiv>
                </Word>
                <Word id="r_10_tl_25_w5" custom="readingOrder {index:4;}">
                    <Coords points="647,1480 647,1540 777,1540 777,1480"/>
                    <TextEquiv>
                        <Unicode>bifrons</Unicode>
                    </TextEquiv>
                </Word>
                <Word id="r_10_tl_25_w6" custom="readingOrder {index:5;}">
                    <Coords points="811,1479 811,1539 840,1539 840,1479"/>
                    <TextEquiv>
                        <Unicode>et</Unicode>
                    </TextEquiv>
                </Word>
                <Word id="r_10_tl_25_w7" custom="readingOrder {index:6;}">
                    <Coords points="869,1482 869,1542 950,1542 950,1482"/>
                    <TextEquiv>
                        <Unicode>dona</Unicode>
                    </TextEquiv>
                </Word>
                <Word id="r_10_tl_25_w8" custom="readingOrder {index:7;}">
                    <Coords points="984,1482 984,1542 1133,1542 1133,1482"/>
                    <TextEquiv>
                        <Unicode>calendis</Unicode>
                    </TextEquiv>
                </Word>
                <TextEquiv>
                    <Unicode>Dat lanus bona verba bifrons et dona calendis</Unicode>
                </TextEquiv>
            </TextLine>
            <TextLine id="r_10_tl_26" custom="readingOrder {index:25;}">
                <Coords points="224,1576 373,1601 1101,1580 1101,1545 1056,1531 224,1539"/>
                <Baseline points="232,1570 277,1573 322,1570 367,1573 412,1573 456,1573 501,1576 546,1576 591,1573 635,1570 680,1570 725,1570 770,1570 815,1570 859,1573 904,1570 949,1570 994,1570 1038,1570 1083,1573 1104,1573"/>
                <Word id="r_10_tl_26_w1" custom="readingOrder {index:0;}">
                    <Coords points="228,1531 228,1591 295,1591 295,1531"/>
                    <TextEquiv>
                        <Unicode>Cum</Unicode>
                    </TextEquiv>
                </Word>
                <Word id="r_10_tl_26_w2" custom="readingOrder {index:1;}">
                    <Coords points="348,1533 348,1593 468,1593 468,1533"/>
                    <TextEquiv>
                        <Unicode>repetit</Unicode>
                    </TextEquiv>
                </Word>
                <Word id="r_10_tl_26_w3" custom="readingOrder {index:2;}">
                    <Coords points="497,1534 497,1594 646,1594 646,1534"/>
                    <TextEquiv>
                        <Unicode>numeris</Unicode>
                    </TextEquiv>
                </Word>
                <Word id="r_10_tl_26_w4" custom="readingOrder {index:3;}">
                    <Coords points="672,1530 672,1590 825,1590 825,1530"/>
                    <TextEquiv>
                        <Unicode>tempora</Unicode>
                    </TextEquiv>
                </Word>
                <Word id="r_10_tl_26_w5" custom="readingOrder {index:4;}">
                    <Coords points="855,1530 855,1590 941,1590 941,1530"/>
                    <TextEquiv>
                        <Unicode>lapsa</Unicode>
                    </TextEquiv>
                </Word>
                <Word id="r_10_tl_26_w6" custom="readingOrder {index:5;}">
                    <Coords points="975,1530 975,1590 1090,1590 1090,1530"/>
                    <TextEquiv>
                        <Unicode>nouis.</Unicode>
                    </TextEquiv>
                </Word>
                <TextEquiv>
                    <Unicode>Cum repetit numeris tempora lapsa nouis.</Unicode>
                </TextEquiv>
            </TextLine>
            <TextLine id="r_10_tl_27" custom="readingOrder {index:26;}">
                <Coords points="181,1632 1200,1640 1200,1574 181,1585"/>
                <Baseline points="188,1621 232,1621 277,1621 322,1624 367,1624 412,1624 456,1624 501,1624 546,1624 591,1624 635,1621 680,1621 725,1621 770,1621 815,1621 859,1618 904,1618 949,1618 994,1621 1038,1618 1083,1621 1128,1618 1173,1618 1203,1621"/>
                <Word id="r_10_tl_27_w1" custom="readingOrder {index:0;}">
                    <Coords points="180,1581 180,1641 247,1641 247,1581"/>
                    <TextEquiv>
                        <Unicode>Cum</Unicode>
                    </TextEquiv>
                </Word>
                <Word id="r_10_tl_27_w2" custom="readingOrder {index:1;}">
                    <Coords points="290,1584 290,1644 438,1644 438,1584"/>
                    <TextEquiv>
                        <Unicode>numeris</Unicode>
                    </TextEquiv>
                </Word>
                <Word id="r_10_tl_27_w3" custom="readingOrder {index:2;}">
                    <Coords points="463,1584 463,1644 534,1644 534,1584"/>
                    <TextEquiv>
                        <Unicode>mox</Unicode>
                    </TextEquiv>
                </Word>
                <Word id="r_10_tl_27_w4" custom="readingOrder {index:3;}">
                    <Coords points="568,1582 568,1642 644,1642 644,1582"/>
                    <TextEquiv>
                        <Unicode>hora</Unicode>
                    </TextEquiv>
                </Word>
                <Word id="r_10_tl_27_w5" custom="readingOrder {index:4;}">
                    <Coords points="678,1581 678,1641 764,1641 764,1581"/>
                    <TextEquiv>
                        <Unicode>vigil</Unicode>
                    </TextEquiv>
                </Word>
                <Word id="r_10_tl_27_w6" custom="readingOrder {index:5;}">
                    <Coords points="788,1580 788,1640 864,1640 864,1580"/>
                    <TextEquiv>
                        <Unicode>mox</Unicode>
                    </TextEquiv>
                </Word>
                <Word id="r_10_tl_27_w7" custom="readingOrder {index:6;}">
                    <Coords points="893,1578 893,1638 1017,1638 1017,1578"/>
                    <TextEquiv>
                        <Unicode>lumina</Unicode>
                    </TextEquiv>
                </Word>
                <Word id="r_10_tl_27_w8" custom="readingOrder {index:7;}">
                    <Coords points="1051,1578 1051,1638 1195,1638 1195,1578"/>
                    <TextEquiv>
                        <Unicode>crescunt</Unicode>
                    </TextEquiv>
                </Word>
                <TextEquiv>
                    <Unicode>Cum numeris mox hora vigil mox lumina crescunt</Unicode>
                </TextEquiv>
            </TextLine>
            <TextLine id="r_10_tl_28" custom="readingOrder {index:27;}">
                <Coords points="224,1688 893,1671 1003,1692 1005,1640 226,1635"/>
                <Baseline points="232,1668 277,1671 322,1671 367,1671 412,1671 456,1671 501,1671 546,1671 591,1668 635,1668 680,1668 725,1668 770,1668 815,1668 859,1665 904,1668 949,1665 994,1668 1006,1668"/>
                <Word id="r_10_tl_28_w1" custom="readingOrder {index:0;}">
                    <Coords points="228,1631 228,1691 406,1691 406,1631"/>
                    <TextEquiv>
                        <Unicode>Subductis</Unicode>
                    </TextEquiv>
                </Word>
                <Word id="r_10_tl_28_w2" custom="readingOrder {index:1;}">
                    <Coords points="437,1631 437,1691 552,1691 552,1631"/>
                    <TextEquiv>
                        <Unicode>spatiis</Unicode>
                    </TextEquiv>
                </Word>
                <Word id="r_10_tl_28_w3" custom="readingOrder {index:2;}">
                    <Coords points="582,1628 582,1688 732,1688 732,1628"/>
                    <TextEquiv>
                        <Unicode>tempora</Unicode>
                    </TextEquiv>
                </Word>
                <Word id="r_10_tl_28_w4" custom="readingOrder {index:3;}">
                    <Coords points="766,1627 766,1687 878,1687 878,1627"/>
                    <TextEquiv>
                        <Unicode>noctis</Unicode>
                    </TextEquiv>
                </Word>
                <Word id="r_10_tl_28_w5" custom="readingOrder {index:4;}">
                    <Coords points="907,1625 907,1685 1004,1685 1004,1625"/>
                    <TextEquiv>
                        <Unicode>eunt.</Unicode>
                    </TextEquiv>
                </Word>
                <TextEquiv>
                    <Unicode>Subductis spatiis tempora noctis eunt.</Unicode>
                </TextEquiv>
            </TextLine>
            <TextLine id="r_10_tl_29" custom="readingOrder {index:28;}">
                <Coords points="178,1720 1112,1732 1112,1670 1069,1667 1003,1693 178,1693"/>
                <Baseline points="185,1716 229,1716 274,1719 319,1719 364,1719 409,1719 453,1719 498,1719 543,1719 588,1719 632,1719 677,1716 722,1713 767,1713 812,1713 856,1713 901,1713 946,1713 991,1713 1035,1716 1080,1716 1116,1719"/>
                <Word id="r_10_tl_29_w1" custom="readingOrder {index:0;}">
                    <Coords points="182,1677 182,1737 315,1737 315,1677"/>
                    <TextEquiv>
                        <Unicode>Ornat,</Unicode>
                    </TextEquiv>
                </Word>
                <Word id="r_10_tl_29_w2" custom="readingOrder {index:1;}">
                    <Coords points="340,1679 340,1739 421,1739 421,1679"/>
                    <TextEquiv>
                        <Unicode>quae</Unicode>
                    </TextEquiv>
                </Word>
                <Word id="r_10_tl_29_w3" custom="readingOrder {index:2;}">
                    <Coords points="455,1679 455,1739 598,1739 598,1679"/>
                    <TextEquiv>
                        <Unicode>superest</Unicode>
                    </TextEquiv>
                </Word>
                <Word id="r_10_tl_29_w4" custom="readingOrder {index:3;}">
                    <Coords points="623,1673 623,1733 794,1733 794,1673"/>
                    <TextEquiv>
                        <Unicode>hybernos</Unicode>
                    </TextEquiv>
                </Word>
                <Word id="r_10_tl_29_w5" custom="readingOrder {index:4;}">
                    <Coords points="824,1673 824,1733 934,1733 934,1673"/>
                    <TextEquiv>
                        <Unicode>glotia</Unicode>
                    </TextEquiv>
                </Word>
                <Word id="r_10_tl_29_w6" custom="readingOrder {index:5;}">
                    <Coords points="963,1675 963,1735 1106,1735 1106,1675"/>
                    <TextEquiv>
                        <Unicode>menses,</Unicode>
                    </TextEquiv>
                </Word>
                <TextEquiv>
                    <Unicode>Ornat, quae superest hybernos glotia menses,</Unicode>
                </TextEquiv>
            </TextLine>
            <TextLine id="r_10_tl_30" custom="readingOrder {index:29;}">
                <Coords points="237,1767 446,1795 1117,1775 1117,1733 1031,1724 237,1733"/>
                <Baseline points="244,1761 289,1764 334,1764 379,1764 423,1764 468,1764 513,1764 558,1764 603,1761 647,1761 692,1761 737,1761 782,1758 826,1758 871,1758 916,1758 961,1758 1006,1758 1050,1758 1095,1758 1119,1761"/>
                <Word id="r_10_tl_30_w1" custom="readingOrder {index:0;}">
                    <Coords points="235,1724 235,1784 364,1784 364,1724"/>
                    <TextEquiv>
                        <Unicode>Classica</Unicode>
                    </TextEquiv>
                </Word>
                <Word id="r_10_tl_30_w2" custom="readingOrder {index:1;}">
                    <Coords points="395,1724 395,1784 490,1784 490,1724"/>
                    <TextEquiv>
                        <Unicode>rauca</Unicode>
                    </TextEquiv>
                </Word>
                <Word id="r_10_tl_30_w3" custom="readingOrder {index:2;}">
                    <Coords points="525,1722 525,1782 641,1782 641,1722"/>
                    <TextEquiv>
                        <Unicode>silent,</Unicode>
                    </TextEquiv>
                </Word>
                <Word id="r_10_tl_30_w4" custom="readingOrder {index:3;}">
                    <Coords points="668,1721 668,1781 723,1781 723,1721"/>
                    <TextEquiv>
                        <Unicode>nec</Unicode>
                    </TextEquiv>
                </Word>
                <Word id="r_10_tl_30_w5" custom="readingOrder {index:4;}">
                    <Coords points="754,1718 754,1778 844,1778 844,1718"/>
                    <TextEquiv>
                        <Unicode>rotat</Unicode>
                    </TextEquiv>
                </Word>
                <Word id="r_10_tl_30_w6" custom="readingOrder {index:5;}">
                    <Coords points="871,1718 871,1778 961,1778 961,1718"/>
                    <TextEquiv>
                        <Unicode>arma</Unicode>
                    </TextEquiv>
                </Word>
                <Word id="r_10_tl_30_w7" custom="readingOrder {index:6;}">
                    <Coords points="992,1718 992,1778 1104,1778 1104,1718"/>
                    <TextEquiv>
                        <Unicode>furor.</Unicode>
                    </TextEquiv>
                </Word>
                <TextEquiv>
                    <Unicode>Classica rauca silent, nec rotat arma furor.</Unicode>
                </TextEquiv>
            </TextLine>
            <TextLine id="r_10_tl_31" custom="readingOrder {index:30;}">
                <Coords points="175,1833 1165,1843 1147,1760 446,1797 175,1773"/>
                <Baseline points="182,1812 226,1809 271,1809 316,1809 361,1809 406,1809 450,1809 495,1809 540,1809 585,1809 629,1809 674,1806 719,1809 764,1806 809,1803 853,1803 898,1803 943,1803 988,1803 1032,1806 1077,1803 1122,1803 1167,1803"/>
                <Word id="r_10_tl_31_w1" custom="readingOrder {index:0;}">
                    <Coords points="180,1769 180,1829 330,1829 330,1769"/>
                    <TextEquiv>
                        <Unicode>Horrida</Unicode>
                    </TextEquiv>
                </Word>
                <Word id="r_10_tl_31_w2" custom="readingOrder {index:1;}">
                    <Coords points="361,1769 361,1829 422,1829 422,1769"/>
                    <TextEquiv>
                        <Unicode>tela</Unicode>
                    </TextEquiv>
                </Word>
                <Word id="r_10_tl_31_w3" custom="readingOrder {index:2;}">
                    <Coords points="455,1769 455,1829 599,1829 599,1769"/>
                    <TextEquiv>
                        <Unicode>vacant,</Unicode>
                    </TextEquiv>
                </Word>
                <Word id="r_10_tl_31_w4" custom="readingOrder {index:3;}">
                    <Coords points="625,1767 625,1827 676,1827 676,1767"/>
                    <TextEquiv>
                        <Unicode>sua</Unicode>
                    </TextEquiv>
                </Word>
                <Word id="r_10_tl_31_w5" custom="readingOrder {index:4;}">
                    <Coords points="708,1766 708,1826 806,1826 806,1766"/>
                    <TextEquiv>
                        <Unicode>ponit</Unicode>
                    </TextEquiv>
                </Word>
                <Word id="r_10_tl_31_w6" custom="readingOrder {index:5;}">
                    <Coords points="832,1763 832,1823 977,1823 977,1763"/>
                    <TextEquiv>
                        <Unicode>fulmina</Unicode>
                    </TextEquiv>
                </Word>
                <Word id="r_10_tl_31_w7" custom="readingOrder {index:6;}">
                    <Coords points="1008,1763 1008,1823 1153,1823 1153,1763"/>
                    <TextEquiv>
                        <Unicode>Mauors</Unicode>
                    </TextEquiv>
                </Word>
                <TextEquiv>
                    <Unicode>Horrida tela vacant, sua ponit fulmina Mauors</Unicode>
                </TextEquiv>
            </TextLine>
            <TextLine id="r_10_tl_32" custom="readingOrder {index:31;}">
                <Coords points="231,1865 1029,1873 1029,1819 231,1823"/>
                <Baseline points="238,1854 271,1857 316,1854 361,1854 406,1854 450,1854 495,1854 540,1854 585,1851 629,1854 674,1851 719,1851 764,1848 809,1848 853,1845 898,1845 943,1845 988,1845 1032,1848"/>
                <Word id="r_10_tl_32_w1" custom="readingOrder {index:0;}">
                    <Coords points="234,1816 234,1876 324,1876 324,1816"/>
                    <TextEquiv>
                        <Unicode>Aestu</Unicode>
                    </TextEquiv>
                </Word>
                <Word id="r_10_tl_32_w2" custom="readingOrder {index:1;}">
                    <Coords points="361,1814 361,1874 465,1874 465,1814"/>
                    <TextEquiv>
                        <Unicode>pugna</Unicode>
                    </TextEquiv>
                </Word>
                <Word id="r_10_tl_32_w3" custom="readingOrder {index:2;}">
                    <Coords points="498,1813 498,1873 602,1873 602,1813"/>
                    <TextEquiv>
                        <Unicode>calet,</Unicode>
                    </TextEquiv>
                </Word>
                <Word id="r_10_tl_32_w4" custom="readingOrder {index:3;}">
                    <Coords points="625,1811 625,1871 752,1871 752,1811"/>
                    <TextEquiv>
                        <Unicode>frigore</Unicode>
                    </TextEquiv>
                </Word>
                <Word id="r_10_tl_32_w5" custom="readingOrder {index:4;}">
                    <Coords points="784,1806 784,1866 874,1866 874,1806"/>
                    <TextEquiv>
                        <Unicode>pacis</Unicode>
                    </TextEquiv>
                </Word>
                <Word id="r_10_tl_32_w6" custom="readingOrder {index:5;}">
                    <Coords points="902,1805 902,1865 1015,1865 1015,1805"/>
                    <TextEquiv>
                        <Unicode>amor.</Unicode>
                    </TextEquiv>
                </Word>
                <TextEquiv>
                    <Unicode>Aestu pugna calet, frigore pacis amor.</Unicode>
                </TextEquiv>
            </TextLine>
            <TextLine id="r_10_tl_33" custom="readingOrder {index:32;}">
                <Coords points="175,1915 1134,1917 1112,1852 561,1885 175,1865"/>
                <Baseline points="182,1907 197,1904 241,1904 286,1904 331,1904 376,1904 420,1904 465,1901 510,1901 555,1901 600,1901 644,1901 689,1901 734,1898 779,1898 824,1895 868,1895 913,1895 958,1895 1003,1895 1047,1898 1092,1898 1137,1898"/>
                <Word id="r_10_tl_33_w1" custom="readingOrder {index:0;}">
                    <Coords points="179,1864 179,1924 295,1924 295,1864"/>
                    <TextEquiv>
                        <Unicode>Annum</Unicode>
                    </TextEquiv>
                </Word>
                <Word id="r_10_tl_33_w2" custom="readingOrder {index:1;}">
                    <Coords points="342,1864 342,1924 370,1924 370,1864"/>
                    <TextEquiv>
                        <Unicode>si</Unicode>
                    </TextEquiv>
                </Word>
                <Word id="r_10_tl_33_w3" custom="readingOrder {index:2;}">
                    <Coords points="394,1861 394,1921 529,1921 529,1861"/>
                    <TextEquiv>
                        <Unicode>confers</Unicode>
                    </TextEquiv>
                </Word>
                <Word id="r_10_tl_33_w4" custom="readingOrder {index:3;}">
                    <Coords points="562,1861 562,1921 594,1921 594,1861"/>
                    <TextEquiv>
                        <Unicode>et</Unicode>
                    </TextEquiv>
                </Word>
                <Word id="r_10_tl_33_w5" custom="readingOrder {index:4;}">
                    <Coords points="618,1861 618,1921 703,1921 703,1861"/>
                    <TextEquiv>
                        <Unicode>nos,</Unicode>
                    </TextEquiv>
                </Word>
                <Word id="r_10_tl_33_w6" custom="readingOrder {index:5;}">
                    <Coords points="727,1858 727,1918 815,1918 815,1858"/>
                    <TextEquiv>
                        <Unicode>quod</Unicode>
                    </TextEquiv>
                </Word>
                <Word id="r_10_tl_33_w7" custom="readingOrder {index:6;}">
                    <Coords points="848,1855 848,1915 979,1915 979,1855"/>
                    <TextEquiv>
                        <Unicode>limitat</Unicode>
                    </TextEquiv>
                </Word>
                <Word id="r_10_tl_33_w8" custom="readingOrder {index:7;}">
                    <Coords points="1003,1858 1003,1918 1105,1918 1105,1858"/>
                    <TextEquiv>
                        <Unicode>aeuum</Unicode>
                    </TextEquiv>
                </Word>
                <TextEquiv>
                    <Unicode>Annum si confers et nos, quod limitat aeuum</Unicode>
                </TextEquiv>
            </TextLine>
            <TextLine id="r_10_tl_34" custom="readingOrder {index:33;}">
                <Coords points="231,1965 879,1975 1043,1960 1045,1912 232,1924"/>
                <Baseline points="238,1949 283,1952 328,1955 373,1955 417,1952 462,1955 507,1952 552,1952 597,1949 641,1952 686,1952 731,1949 776,1949 821,1946 865,1946 910,1943 955,1946 1000,1946 1044,1949 1047,1949"/>
                <Word id="r_10_tl_34_w1" custom="readingOrder {index:0;}">
                    <Coords points="235,1910 235,1970 297,1970 297,1910"/>
                    <TextEquiv>
                        <Unicode>Ver</Unicode>
                    </TextEquiv>
                </Word>
                <Word id="r_10_tl_34_w2" custom="readingOrder {index:1;}">
                    <Coords points="326,1915 326,1975 407,1975 407,1915"/>
                    <TextEquiv>
                        <Unicode>puer</Unicode>
                    </TextEquiv>
                </Word>
                <Word id="r_10_tl_34_w3" custom="readingOrder {index:2;}">
                    <Coords points="437,1914 437,1974 504,1974 504,1914"/>
                    <TextEquiv>
                        <Unicode>est,</Unicode>
                    </TextEquiv>
                </Word>
                <Word id="r_10_tl_34_w4" custom="readingOrder {index:3;}">
                    <Coords points="529,1910 529,1970 629,1970 629,1910"/>
                    <TextEquiv>
                        <Unicode>aestas</Unicode>
                    </TextEquiv>
                </Word>
                <Word id="r_10_tl_34_w5" custom="readingOrder {index:4;}">
                    <Coords points="659,1911 659,1971 726,1971 726,1911"/>
                    <TextEquiv>
                        <Unicode>fert</Unicode>
                    </TextEquiv>
                </Word>
                <Word id="r_10_tl_34_w6" custom="readingOrder {index:5;}">
                    <Coords points="750,1906 750,1966 899,1966 899,1906"/>
                    <TextEquiv>
                        <Unicode>iuuenile</Unicode>
                    </TextEquiv>
                </Word>
                <Word id="r_10_tl_34_w7" custom="readingOrder {index:6;}">
                    <Coords points="929,1906 929,1966 1044,1966 1044,1906"/>
                    <TextEquiv>
                        <Unicode>decus.</Unicode>
                    </TextEquiv>
                </Word>
                <TextEquiv>
                    <Unicode>Ver puer est, aestas fert iuuenile decus.</Unicode>
                </TextEquiv>
            </TextLine>
            <TextLine id="r_10_tl_35" custom="readingOrder {index:34;}">
                <Coords points="181,2010 1069,2014 1071,1955 254,1983 183,1960"/>
                <Baseline points="188,2006 223,2006 268,2006 313,2003 358,2003 403,2003 447,2000 492,2000 537,2003 582,2003 626,2000 671,2000 716,1997 761,2000 806,1997 850,1997 895,1997 940,1994 985,1994 1030,1997 1074,1994"/>
                <Word id="r_10_tl_35_w1" custom="readingOrder {index:0;}">
                    <Coords points="185,1965 185,2025 352,2025 352,1965"/>
                    <TextEquiv>
                        <Unicode>Grandior</Unicode>
                    </TextEquiv>
                </Word>
                <Word id="r_10_tl_35_w2" custom="readingOrder {index:1;}">
                    <Coords points="381,1960 381,2020 562,2020 562,1960"/>
                    <TextEquiv>
                        <Unicode>autumnus</Unicode>
                    </TextEquiv>
                </Word>
                <Word id="r_10_tl_35_w3" custom="readingOrder {index:2;}">
                    <Coords points="592,1959 592,2019 778,2019 778,1959"/>
                    <TextEquiv>
                        <Unicode>celebratur</Unicode>
                    </TextEquiv>
                </Word>
                <Word id="r_10_tl_35_w4" custom="readingOrder {index:3;}">
                    <Coords points="807,1957 807,2017 931,2017 931,1957"/>
                    <TextEquiv>
                        <Unicode>honore</Unicode>
                    </TextEquiv>
                </Word>
                <Word id="r_10_tl_35_w5" custom="readingOrder {index:4;}">
                    <Coords points="965,1955 965,2015 1055,2015 1055,1955"/>
                    <TextEquiv>
                        <Unicode>virili</Unicode>
                    </TextEquiv>
                </Word>
                <TextEquiv>
                    <Unicode>Grandior autumnus celebratur honore virili</Unicode>
                </TextEquiv>
            </TextLine>
            <TextLine id="r_10_tl_36" custom="readingOrder {index:35;}">
                <Coords points="228,2077 1001,2078 1047,2069 1049,2033 900,2008 229,2022"/>
                <Baseline points="235,2054 244,2057 289,2054 334,2054 379,2054 423,2054 468,2054 513,2054 558,2051 603,2051 647,2051 692,2051 737,2051 782,2051 826,2045 871,2048 916,2048 961,2048 1006,2048 1050,2051"/>
                <Word id="r_10_tl_36_w1" custom="readingOrder {index:0;}">
                    <Coords points="233,2015 233,2075 291,2075 291,2015"/>
                    <TextEquiv>
                        <Unicode>Ast</Unicode>
                    </TextEquiv>
                </Word>
                <Word id="r_10_tl_36_w2" custom="readingOrder {index:1;}">
                    <Coords points="313,2014 313,2074 398,2074 398,2014"/>
                    <TextEquiv>
                        <Unicode>sapit</Unicode>
                    </TextEquiv>
                </Word>
                <Word id="r_10_tl_36_w3" custom="readingOrder {index:2;}">
                    <Coords points="430,2014 430,2074 461,2074 461,2014"/>
                    <TextEquiv>
                        <Unicode>et</Unicode>
                    </TextEquiv>
                </Word>
                <Word id="r_10_tl_36_w4" custom="readingOrder {index:3;}">
                    <Coords points="483,2013 483,2073 573,2073 573,2013"/>
                    <TextEquiv>
                        <Unicode>senii</Unicode>
                    </TextEquiv>
                </Word>
                <Word id="r_10_tl_36_w5" custom="readingOrder {index:4;}">
                    <Coords points="595,2011 595,2071 690,2071 690,2011"/>
                    <TextEquiv>
                        <Unicode>laude</Unicode>
                    </TextEquiv>
                </Word>
                <Word id="r_10_tl_36_w6" custom="readingOrder {index:5;}">
                    <Coords points="723,2008 723,2068 871,2068 871,2008"/>
                    <TextEquiv>
                        <Unicode>superbit</Unicode>
                    </TextEquiv>
                </Word>
                <Word id="r_10_tl_36_w7" custom="readingOrder {index:6;}">
                    <Coords points="898,2008 898,2068 1036,2068 1036,2008"/>
                    <TextEquiv>
                        <Unicode>hyems.</Unicode>
                    </TextEquiv>
                </Word>
                <TextEquiv>
                    <Unicode>Ast sapit et senii laude superbit hyems.</Unicode>
                </TextEquiv>
            </TextLine>
            <TextLine id="r_10_tl_37" custom="readingOrder {index:36;}">
                <Coords points="227,2153 1209,2140 1209,2097 1126,2073 992,2106 228,2095"/>
                <Baseline points="235,2140 271,2137 316,2137 361,2140 406,2137 450,2137 495,2137 540,2137 585,2137 629,2137 674,2134 719,2134 764,2134 809,2137 853,2134 898,2134 943,2131 988,2134 1032,2128 1077,2134 1122,2131 1167,2131 1212,2131"/>
                <Word id="r_10_tl_37_w1" custom="readingOrder {index:0;}">
                    <Coords points="234,2097 234,2157 320,2157 320,2097"/>
                    <TextEquiv>
                        <Unicode>Was</Unicode>
                    </TextEquiv>
                </Word>
                <Word id="r_10_tl_37_w2" custom="readingOrder {index:1;}">
                    <Coords points="344,2098 344,2158 437,2158 437,2098"/>
                    <TextEquiv>
                        <Unicode>unser</Unicode>
                    </TextEquiv>
                </Word>
                <Word id="r_10_tl_37_w3" custom="readingOrder {index:2;}">
                    <Coords points="461,2097 461,2157 658,2157 658,2097"/>
                    <TextEquiv>
                        <Unicode>vortrefliche</Unicode>
                    </TextEquiv>
                </Word>
                <Word id="r_10_tl_37_w4" custom="readingOrder {index:3;}">
                    <Coords points="682,2094 682,2154 821,2154 821,2094"/>
                    <TextEquiv>
                        <Unicode>Dichter</Unicode>
                    </TextEquiv>
                </Word>
                <Word id="r_10_tl_37_w5" custom="readingOrder {index:4;}">
                    <Coords points="845,2094 845,2154 892,2154 892,2094"/>
                    <TextEquiv>
                        <Unicode>fr</Unicode>
                    </TextEquiv>
                </Word>
                <Word id="r_10_tl_37_w6" custom="readingOrder {index:5;}">
                    <Coords points="915,2091 915,2151 984,2151 984,2091"/>
                    <TextEquiv>
                        <Unicode>eine</Unicode>
                    </TextEquiv>
                </Word>
                <Word id="r_10_tl_37_w7" custom="readingOrder {index:6;}">
                    <Coords points="1008,2093 1008,2153 1136,2153 1136,2093"/>
                    <TextEquiv>
                        <Unicode>Strke</Unicode>
                    </TextEquiv>
                </Word>
                <Word id="r_10_tl_37_w8" custom="readingOrder {index:7;}">
                    <Coords points="1160,2091 1160,2151 1182,2151 1182,2091"/>
                    <TextEquiv>
                        <Unicode>im</Unicode>
                    </TextEquiv>
                </Word>
                <TextEquiv>
                    <Unicode>Was unser vortrefliche Dichter fr eine Strke im</Unicode>
                </TextEquiv>
            </TextLine>
            <TextLine id="r_10_tl_38" custom="readingOrder {index:37;}">
                <Coords points="184,2205 1209,2191 1209,2140 415,2171 184,2140"/>
                <Baseline points="191,2188 226,2191 271,2188 316,2188 361,2188 406,2188 450,2188 495,2188 540,2188 585,2185 629,2188 674,2188 719,2185 764,2185 809,2185 853,2185 898,2185 943,2185 988,2182 1032,2182 1077,2182 1122,2182 1167,2182 1212,2182"/>
                <Word id="r_10_tl_38_w1" custom="readingOrder {index:0;}">
                    <Coords points="190,2148 190,2208 388,2208 388,2148"/>
                    <TextEquiv>
                        <Unicode>Uebersetzen</Unicode>
                    </TextEquiv>
                </Word>
                <Word id="r_10_tl_38_w2" custom="readingOrder {index:1;}">
                    <Coords points="417,2148 417,2208 559,2208 559,2148"/>
                    <TextEquiv>
                        <Unicode>gehabt,</Unicode>
                    </TextEquiv>
                </Word>
                <Word id="r_10_tl_38_w3" custom="readingOrder {index:2;}">
                    <Coords points="582,2147 582,2207 661,2207 661,2147"/>
                    <TextEquiv>
                        <Unicode>kann</Unicode>
                    </TextEquiv>
                </Word>
                <Word id="r_10_tl_38_w4" custom="readingOrder {index:3;}">
                    <Coords points="690,2145 690,2205 746,2205 746,2145"/>
                    <TextEquiv>
                        <Unicode>aus</Unicode>
                    </TextEquiv>
                </Word>
                <Word id="r_10_tl_38_w5" custom="readingOrder {index:4;}">
                    <Coords points="775,2145 775,2205 939,2205 939,2145"/>
                    <TextEquiv>
                        <Unicode>folgender</Unicode>
                    </TextEquiv>
                </Word>
                <Word id="r_10_tl_38_w6" custom="readingOrder {index:5;}">
                    <Coords points="963,2142 963,2202 1076,2202 1076,2142"/>
                    <TextEquiv>
                        <Unicode>Probe</Unicode>
                    </TextEquiv>
                </Word>
                <Word id="r_10_tl_38_w7" custom="readingOrder {index:6;}">
                    <Coords points="1105,2142 1105,2202 1211,2202 1211,2142"/>
                    <TextEquiv>
                        <Unicode>erhel</Unicode>
                    </TextEquiv>
                </Word>
                <TextEquiv>
                    <Unicode>Uebersetzen gehabt, kann aus folgender Probe erhel</Unicode>
                </TextEquiv>
            </TextLine>
            <TextLine id="r_10_tl_39" custom="readingOrder {index:38;}">
                <Coords points="185,2246 1204,2248 1177,2191 187,2202"/>
                <Baseline points="194,2239 223,2239 268,2239 313,2239 358,2236 403,2236 447,2236 492,2236 537,2236 582,2236 626,2239 671,2236 716,2236 761,2236 806,2236 850,2236 895,2233 940,2233 985,2233 1030,2233 1074,2233 1119,2233 1164,2233 1209,2233"/>
                <Word id="r_10_tl_39_w1" custom="readingOrder {index:0;}">
                    <Coords points="186,2199 186,2259 264,2259 264,2199"/>
                    <TextEquiv>
                        <Unicode>len,</Unicode>
                    </TextEquiv>
                </Word>
                <Word id="r_10_tl_39_w2" custom="readingOrder {index:1;}">
                    <Coords points="293,2198 293,2258 339,2258 339,2198"/>
                    <TextEquiv>
                        <Unicode>die</Unicode>
                    </TextEquiv>
                </Word>
                <Word id="r_10_tl_39_w3" custom="readingOrder {index:2;}">
                    <Coords points="362,2196 362,2256 418,2256 418,2196"/>
                    <TextEquiv>
                        <Unicode>wir</Unicode>
                    </TextEquiv>
                </Word>
                <Word id="r_10_tl_39_w4" custom="readingOrder {index:3;}">
                    <Coords points="453,2196 453,2256 538,2256 538,2196"/>
                    <TextEquiv>
                        <Unicode>nebst</Unicode>
                    </TextEquiv>
                </Word>
                <Word id="r_10_tl_39_w5" custom="readingOrder {index:4;}">
                    <Coords points="567,2196 567,2256 617,2256 617,2196"/>
                    <TextEquiv>
                        <Unicode>dem</Unicode>
                    </TextEquiv>
                </Word>
                <Word id="r_10_tl_39_w6" custom="readingOrder {index:5;}">
                    <Coords points="669,2196 669,2256 765,2256 765,2196"/>
                    <TextEquiv>
                        <Unicode>dabey</Unicode>
                    </TextEquiv>
                </Word>
                <Word id="r_10_tl_39_w7" custom="readingOrder {index:6;}">
                    <Coords points="794,2193 794,2253 1044,2253 1044,2193"/>
                    <TextEquiv>
                        <Unicode>angeschlonen</Unicode>
                    </TextEquiv>
                </Word>
                <Word id="r_10_tl_39_w8" custom="readingOrder {index:7;}">
                    <Coords points="1073,2193 1073,2253 1208,2253 1208,2193"/>
                    <TextEquiv>
                        <Unicode>Briefe,</Unicode>
                    </TextEquiv>
                </Word>
                <TextEquiv>
                    <Unicode>len, die wir nebst dem dabey angeschlonen Briefe,</Unicode>
                </TextEquiv>
            </TextLine>
            <TextLine id="r_10_tl_40" custom="readingOrder {index:39;}">
                <Coords points="189,2309 1206,2289 1206,2254 1089,2240 189,2249"/>
                <Baseline points="197,2286 223,2286 268,2283 313,2286 358,2286 403,2283 447,2283 492,2286 537,2286 582,2283 626,2283 671,2283 716,2283 761,2283 806,2283 850,2283 895,2283 940,2283 985,2283 1030,2283 1074,2280 1119,2283 1164,2280 1209,2280"/>
                <Word id="r_10_tl_40_w1" custom="readingOrder {index:0;}">
                    <Coords points="194,2246 194,2306 245,2306 245,2246"/>
                    <TextEquiv>
                        <Unicode>der</Unicode>
                    </TextEquiv>
                </Word>
                <Word id="r_10_tl_40_w2" custom="readingOrder {index:1;}">
                    <Coords points="266,2243 266,2303 297,2303 297,2243"/>
                    <TextEquiv>
                        <Unicode>an</Unicode>
                    </TextEquiv>
                </Word>
                <Word id="r_10_tl_40_w3" custom="readingOrder {index:2;}">
                    <Coords points="328,2245 328,2305 411,2305 411,2245"/>
                    <TextEquiv>
                        <Unicode>einen</Unicode>
                    </TextEquiv>
                </Word>
                <Word id="r_10_tl_40_w4" custom="readingOrder {index:3;}">
                    <Coords points="443,2246 443,2306 608,2306 608,2246"/>
                    <TextEquiv>
                        <Unicode>wrdigen</Unicode>
                    </TextEquiv>
                </Word>
                <Word id="r_10_tl_40_w5" custom="readingOrder {index:4;}">
                    <Coords points="640,2243 640,2303 764,2303 764,2243"/>
                    <TextEquiv>
                        <Unicode>Greis,</Unicode>
                    </TextEquiv>
                </Word>
                <Word id="r_10_tl_40_w6" custom="readingOrder {index:5;}">
                    <Coords points="780,2243 780,2303 831,2303 831,2243"/>
                    <TextEquiv>
                        <Unicode>den</Unicode>
                    </TextEquiv>
                </Word>
                <Word id="r_10_tl_40_w7" custom="readingOrder {index:6;}">
                    <Coords points="857,2243 857,2303 1038,2303 1038,2243"/>
                    <TextEquiv>
                        <Unicode>damaligen</Unicode>
                    </TextEquiv>
                </Word>
                <Word id="r_10_tl_40_w8" custom="readingOrder {index:7;}">
                    <Coords points="1070,2241 1070,2301 1199,2301 1199,2241"/>
                    <TextEquiv>
                        <Unicode>Senior</Unicode>
                    </TextEquiv>
                </Word>
                <TextEquiv>
                    <Unicode>der an einen wrdigen Greis, den damaligen Senior</Unicode>
                </TextEquiv>
            </TextLine>
            <TextLine id="r_10_tl_41" custom="readingOrder {index:40;}">
                <Coords points="187,2346 1206,2338 1159,2290 187,2307"/>
                <Baseline points="194,2334 223,2337 268,2334 313,2334 358,2334 403,2337 447,2334 492,2334 537,2334 582,2334 626,2331 671,2331 716,2331 761,2331 806,2334 850,2334 895,2334 940,2334 985,2331 1030,2331 1074,2331 1119,2331 1164,2331 1209,2328"/>
                <Word id="r_10_tl_41_w1" custom="readingOrder {index:0;}">
                    <Coords points="192,2294 192,2354 324,2354 324,2294"/>
                    <TextEquiv>
                        <Unicode>unserer</Unicode>
                    </TextEquiv>
                </Word>
                <Word id="r_10_tl_41_w2" custom="readingOrder {index:1;}">
                    <Coords points="346,2294 346,2354 541,2354 541,2294"/>
                    <TextEquiv>
                        <Unicode>Akademie,</Unicode>
                    </TextEquiv>
                </Word>
                <Word id="r_10_tl_41_w3" custom="readingOrder {index:2;}">
                    <Coords points="568,2293 568,2353 615,2353 615,2293"/>
                    <TextEquiv>
                        <Unicode>der</Unicode>
                    </TextEquiv>
                </Word>
                <Word id="r_10_tl_41_w4" custom="readingOrder {index:3;}">
                    <Coords points="637,2291 637,2351 689,2351 689,2291"/>
                    <TextEquiv>
                        <Unicode>dem</Unicode>
                    </TextEquiv>
                </Word>
                <Word id="r_10_tl_41_w5" custom="readingOrder {index:4;}">
                    <Coords points="733,2293 733,2353 865,2353 865,2293"/>
                    <TextEquiv>
                        <Unicode>Dichter</Unicode>
                    </TextEquiv>
                </Word>
                <Word id="r_10_tl_41_w6" custom="readingOrder {index:5;}">
                    <Coords points="892,2294 892,2354 918,2354 918,2294"/>
                    <TextEquiv>
                        <Unicode>in</Unicode>
                    </TextEquiv>
                </Word>
                <Word id="r_10_tl_41_w7" custom="readingOrder {index:6;}">
                    <Coords points="945,2291 945,2351 997,2351 997,2291"/>
                    <TextEquiv>
                        <Unicode>der</Unicode>
                    </TextEquiv>
                </Word>
                <Word id="r_10_tl_41_w8" custom="readingOrder {index:7;}">
                    <Coords points="1019,2291 1019,2351 1119,2351 1119,2291"/>
                    <TextEquiv>
                        <Unicode>Mitte</Unicode>
                    </TextEquiv>
                </Word>
                <Word id="r_10_tl_41_w9" custom="readingOrder {index:8;}">
                    <Coords points="1141,2290 1141,2350 1204,2350 1204,2290"/>
                    <TextEquiv>
                        <Unicode>die</Unicode>
                    </TextEquiv>
                </Word>
                <TextEquiv>
                    <Unicode>unserer Akademie, der dem Dichter in der Mitte die</Unicode>
                </TextEquiv>
            </TextLine>
            <TextLine id="r_10_tl_42" custom="readingOrder {index:41;}">
                <Coords points="196,2402 1206,2401 1207,2342 1143,2336 197,2349"/>
                <Baseline points="203,2391 223,2388 268,2388 313,2385 358,2385 403,2382 447,2382 492,2385 537,2382 582,2382 626,2379 671,2382 716,2382 761,2382 806,2382 850,2382 895,2382 940,2382 985,2382 1030,2382 1074,2379 1119,2382 1164,2379 1209,2382"/>
                <Word id="r_10_tl_42_w1" custom="readingOrder {index:0;}">
                    <Coords points="197,2348 197,2408 237,2408 237,2348"/>
                    <TextEquiv>
                        <Unicode>ses</Unicode>
                    </TextEquiv>
                </Word>
                <Word id="r_10_tl_42_w2" custom="readingOrder {index:1;}">
                    <Coords points="273,2345 273,2405 400,2405 400,2345"/>
                    <TextEquiv>
                        <Unicode>Jahres</Unicode>
                    </TextEquiv>
                </Word>
                <Word id="r_10_tl_42_w3" custom="readingOrder {index:2;}">
                    <Coords points="436,2342 436,2402 464,2402 464,2342"/>
                    <TextEquiv>
                        <Unicode>in</Unicode>
                    </TextEquiv>
                </Word>
                <Word id="r_10_tl_42_w4" custom="readingOrder {index:3;}">
                    <Coords points="499,2342 499,2402 552,2402 552,2342"/>
                    <TextEquiv>
                        <Unicode>die</Unicode>
                    </TextEquiv>
                </Word>
                <Word id="r_10_tl_42_w5" custom="readingOrder {index:4;}">
                    <Coords points="576,2341 576,2401 744,2401 744,2341"/>
                    <TextEquiv>
                        <Unicode>Ewigkeit</Unicode>
                    </TextEquiv>
                </Word>
                <Word id="r_10_tl_42_w6" custom="readingOrder {index:5;}">
                    <Coords points="768,2342 768,2402 1017,2402 1017,2342"/>
                    <TextEquiv>
                        <Unicode>nachgefolget,</Unicode>
                    </TextEquiv>
                </Word>
                <Word id="r_10_tl_42_w7" custom="readingOrder {index:6;}">
                    <Coords points="1048,2341 1048,2401 1203,2401 1203,2341"/>
                    <TextEquiv>
                        <Unicode>gerichtet</Unicode>
                    </TextEquiv>
                </Word>
                <TextEquiv>
                    <Unicode>ses Jahres in die Ewigkeit nachgefolget, gerichtet</Unicode>
                </TextEquiv>
            </TextLine>
            <TextLine id="r_10_tl_43" custom="readingOrder {index:42;}">
                <Coords points="193,2453 1206,2437 1206,2401 1108,2394 193,2405"/>
                <Baseline points="200,2439 223,2436 268,2436 313,2436 358,2436 403,2433 447,2436 492,2436 537,2433 582,2433 626,2430 671,2430 716,2430 761,2430 806,2433 850,2430 895,2433 940,2433 985,2430 1030,2430 1074,2430 1119,2430 1164,2430 1209,2430"/>
                <Word id="r_10_tl_43_w1" custom="readingOrder {index:0;}">
                    <Coords points="193,2396 193,2456 252,2456 252,2396"/>
                    <TextEquiv>
                        <Unicode>ist,</Unicode>
                    </TextEquiv>
                </Word>
                <Word id="r_10_tl_43_w2" custom="readingOrder {index:1;}">
                    <Coords points="274,2396 274,2456 333,2456 333,2396"/>
                    <TextEquiv>
                        <Unicode>aus</Unicode>
                    </TextEquiv>
                </Word>
                <Word id="r_10_tl_43_w3" custom="readingOrder {index:2;}">
                    <Coords points="361,2394 361,2454 409,2454 409,2394"/>
                    <TextEquiv>
                        <Unicode>der</Unicode>
                    </TextEquiv>
                </Word>
                <Word id="r_10_tl_43_w4" custom="readingOrder {index:3;}">
                    <Coords points="437,2393 437,2453 647,2453 647,2393"/>
                    <TextEquiv>
                        <Unicode>Handschrift</Unicode>
                    </TextEquiv>
                </Word>
                <Word id="r_10_tl_43_w5" custom="readingOrder {index:4;}">
                    <Coords points="664,2390 664,2450 841,2450 841,2390"/>
                    <TextEquiv>
                        <Unicode>mittheilen</Unicode>
                    </TextEquiv>
                </Word>
                <Word id="r_10_tl_43_w6" custom="readingOrder {index:5;}">
                    <Coords points="869,2393 869,2453 1003,2453 1003,2393"/>
                    <TextEquiv>
                        <Unicode>wollen,</Unicode>
                    </TextEquiv>
                </Word>
                <Word id="r_10_tl_43_w7" custom="readingOrder {index:6;}">
                    <Coords points="1026,2390 1026,2450 1193,2450 1193,2390"/>
                    <TextEquiv>
                        <Unicode>worinnen</Unicode>
                    </TextEquiv>
                </Word>
                <TextEquiv>
                    <Unicode>ist, aus der Handschrift mittheilen wollen, worinnen</Unicode>
                </TextEquiv>
            </TextLine>
            <TextLine id="r_10_tl_44" custom="readingOrder {index:43;}">
                <Coords points="193,2500 1212,2497 1212,2451 1129,2434 193,2455"/>
                <Baseline points="200,2489 229,2486 274,2483 319,2483 364,2483 409,2486 453,2483 498,2483 543,2483 588,2480 632,2480 677,2480 722,2480 767,2480 812,2480 856,2483 901,2480 946,2480 991,2480 1035,2483 1080,2480 1125,2480 1170,2480 1215,2483"/>
                <Word id="r_10_tl_44_w1" custom="readingOrder {index:0;}">
                    <Coords points="188,2444 188,2504 320,2504 320,2444"/>
                    <TextEquiv>
                        <Unicode>zugleich</Unicode>
                    </TextEquiv>
                </Word>
                <Word id="r_10_tl_44_w2" custom="readingOrder {index:1;}">
                    <Coords points="354,2443 354,2503 396,2503 396,2443"/>
                    <TextEquiv>
                        <Unicode>ein</Unicode>
                    </TextEquiv>
                </Word>
                <Word id="r_10_tl_44_w3" custom="readingOrder {index:2;}">
                    <Coords points="434,2443 434,2503 578,2503 578,2443"/>
                    <TextEquiv>
                        <Unicode>Beweis</Unicode>
                    </TextEquiv>
                </Word>
                <Word id="r_10_tl_44_w4" custom="readingOrder {index:3;}">
                    <Coords points="605,2440 605,2500 664,2500 664,2440"/>
                    <TextEquiv>
                        <Unicode>von</Unicode>
                    </TextEquiv>
                </Word>
                <Word id="r_10_tl_44_w5" custom="readingOrder {index:4;}">
                    <Coords points="702,2440 702,2500 754,2500 754,2440"/>
                    <TextEquiv>
                        <Unicode>dem</Unicode>
                    </TextEquiv>
                </Word>
                <Word id="r_10_tl_44_w6" custom="readingOrder {index:5;}">
                    <Coords points="804,2441 804,2501 964,2501 964,2441"/>
                    <TextEquiv>
                        <Unicode>zierlichen</Unicode>
                    </TextEquiv>
                </Word>
                <Word id="r_10_tl_44_w7" custom="readingOrder {index:6;}">
                    <Coords points="1002,2440 1002,2500 1199,2500 1199,2440"/>
                    <TextEquiv>
                        <Unicode>lateinischen</Unicode>
                    </TextEquiv>
                </Word>
                <TextEquiv>
                    <Unicode>zugleich ein Beweis von dem zierlichen lateinischen</Unicode>
                </TextEquiv>
            </TextLine>
            <TextLine id="r_10_tl_45" custom="readingOrder {index:44;}">
                <Coords points="184,2534 578,2569 1213,2548 1213,2495 1090,2485 184,2499"/>
                <Baseline points="191,2528 235,2531 280,2531 325,2534 370,2534 414,2534 459,2537 504,2534 549,2534 594,2534 638,2534 683,2534 728,2531 773,2531 818,2531 862,2531 907,2534 952,2534 997,2534 1041,2534 1086,2534 1131,2531 1176,2531 1215,2531"/>
                <Word id="r_10_tl_45_w1" custom="readingOrder {index:0;}">
                    <Coords points="191,2491 191,2551 360,2551 360,2491"/>
                    <TextEquiv>
                        <Unicode>Briefstyl</Unicode>
                    </TextEquiv>
                </Word>
                <Word id="r_10_tl_45_w2" custom="readingOrder {index:1;}">
                    <Coords points="378,2495 378,2555 495,2555 495,2495"/>
                    <TextEquiv>
                        <Unicode>unsres</Unicode>
                    </TextEquiv>
                </Word>
                <Word id="r_10_tl_45_w3" custom="readingOrder {index:2;}">
                    <Coords points="519,2494 519,2554 600,2554 600,2494"/>
                    <TextEquiv>
                        <Unicode>edlen</Unicode>
                    </TextEquiv>
                </Word>
                <Word id="r_10_tl_45_w4" custom="readingOrder {index:3;}">
                    <Coords points="631,2491 631,2551 899,2551 899,2491"/>
                    <TextEquiv>
                        <Unicode>Landesmannes</Unicode>
                    </TextEquiv>
                </Word>
                <Word id="r_10_tl_45_w5" custom="readingOrder {index:4;}">
                    <Coords points="924,2494 924,2554 1040,2554 1040,2494"/>
                    <TextEquiv>
                        <Unicode>lieget.</Unicode>
                    </TextEquiv>
                </Word>
                <Word id="r_10_tl_45_w6" custom="readingOrder {index:5;}">
                    <Coords points="1088,2491 1088,2551 1209,2551 1209,2491"/>
                    <TextEquiv>
                        <Unicode>Beyde</Unicode>
                    </TextEquiv>
                </Word>
                <TextEquiv>
                    <Unicode>Briefstyl unsres edlen Landesmannes lieget. Beyde</Unicode>
                </TextEquiv>
            </TextLine>
            <TextLine id="r_10_tl_46" custom="readingOrder {index:45;}">
                <Coords points="184,2592 222,2603 229,2596 276,2618 306,2612 329,2620 345,2609 388,2605 423,2611 423,2547 411,2543 376,2538 312,2558 290,2543 283,2551 246,2547 233,2559 184,2541"/>
                <Baseline points="191,2585 235,2585 280,2585 325,2585 370,2585 414,2585 426,2585"/>
                <Word id="r_10_tl_46_w1" custom="readingOrder {index:0;}">
                    <Coords points="192,2545 192,2605 299,2605 299,2545"/>
                    <TextEquiv>
                        <Unicode>lauten</Unicode>
                    </TextEquiv>
                </Word>
                <Word id="r_10_tl_46_w2" custom="readingOrder {index:1;}">
                    <Coords points="325,2545 325,2605 418,2605 418,2545"/>
                    <TextEquiv>
                        <Unicode>also:</Unicode>
                    </TextEquiv>
                </Word>
                <TextEquiv>
                    <Unicode>lauten also:</Unicode>
                </TextEquiv>
            </TextLine>
            <TextLine id="r_10_tl_47" custom="readingOrder {index:46;}">
                <Coords points="240,2685 670,2655 1211,2674 1211,2630 1091,2604 240,2617"/>
                <Baseline points="247,2654 292,2657 337,2654 382,2654 426,2657 471,2657 516,2657 561,2654 606,2657 650,2654 695,2654 740,2654 785,2651 829,2651 874,2651 919,2654 964,2651 1009,2654 1053,2654 1098,2654 1143,2654 1188,2654 1212,2654"/>
                <Word id="r_10_tl_47_w1" custom="readingOrder {index:0;}">
                    <Coords points="246,2616 246,2676 337,2676 337,2616"/>
                    <TextEquiv>
                        <Unicode>Quem</Unicode>
                    </TextEquiv>
                </Word>
                <Word id="r_10_tl_47_w2" custom="readingOrder {index:1;}">
                    <Coords points="392,2617 392,2677 523,2677 523,2617"/>
                    <TextEquiv>
                        <Unicode>judicem</Unicode>
                    </TextEquiv>
                </Word>
                <Word id="r_10_tl_47_w3" custom="readingOrder {index:2;}">
                    <Coords points="577,2616 577,2676 637,2676 637,2616"/>
                    <TextEquiv>
                        <Unicode>non</Unicode>
                    </TextEquiv>
                </Word>
                <Word id="r_10_tl_47_w4" custom="readingOrder {index:3;}">
                    <Coords points="681,2613 681,2673 816,2673 816,2613"/>
                    <TextEquiv>
                        <Unicode>seuerum</Unicode>
                    </TextEquiv>
                </Word>
                <Word id="r_10_tl_47_w5" custom="readingOrder {index:4;}">
                    <Coords points="872,2613 872,2673 963,2673 963,2613"/>
                    <TextEquiv>
                        <Unicode>mihi</Unicode>
                    </TextEquiv>
                </Word>
                <Word id="r_10_tl_47_w6" custom="readingOrder {index:5;}">
                    <Coords points="986,2614 986,2674 1208,2674 1208,2614"/>
                    <TextEquiv>
                        <Unicode>expetieram,</Unicode>
                    </TextEquiv>
                </Word>
                <TextEquiv>
                    <Unicode>Quem judicem non seuerum mihi expetieram,</Unicode>
                </TextEquiv>
            </TextLine>
            <TextLine id="r_10_tl_48" custom="readingOrder {index:47;}">
                <Coords points="196,2727 1196,2709 1196,2678 1117,2659 292,2682 196,2648"/>
                <Baseline points="203,2707 214,2704 259,2707 304,2704 349,2707 394,2704 438,2704 483,2704 528,2704 573,2704 618,2704 662,2701 707,2701 752,2701 797,2698 841,2698 886,2698 931,2701 976,2701 1021,2701 1065,2701 1110,2701 1155,2701 1200,2701"/>
                <Word id="r_10_tl_48_w1" custom="readingOrder {index:0;}">
                    <Coords points="196,2665 196,2725 281,2725 281,2665"/>
                    <TextEquiv>
                        <Unicode>plane</Unicode>
                    </TextEquiv>
                </Word>
                <Word id="r_10_tl_48_w2" custom="readingOrder {index:1;}">
                    <Coords points="306,2665 306,2725 432,2725 432,2665"/>
                    <TextEquiv>
                        <Unicode>partium</Unicode>
                    </TextEquiv>
                </Word>
                <Word id="r_10_tl_48_w3" custom="readingOrder {index:2;}">
                    <Coords points="478,2664 478,2724 614,2724 614,2664"/>
                    <TextEquiv>
                        <Unicode>mearum</Unicode>
                    </TextEquiv>
                </Word>
                <Word id="r_10_tl_48_w4" custom="readingOrder {index:3;}">
                    <Coords points="660,2661 660,2721 760,2721 760,2661"/>
                    <TextEquiv>
                        <Unicode>sentio</Unicode>
                    </TextEquiv>
                </Word>
                <Word id="r_10_tl_48_w5" custom="readingOrder {index:4;}">
                    <Coords points="796,2658 796,2718 1003,2718 1003,2658"/>
                    <TextEquiv>
                        <Unicode>studiosum;</Unicode>
                    </TextEquiv>
                </Word>
                <Word id="r_10_tl_48_w6" custom="readingOrder {index:5;}">
                    <Coords points="1029,2661 1029,2721 1179,2721 1179,2661"/>
                    <TextEquiv>
                        <Unicode>censuram</Unicode>
                    </TextEquiv>
                </Word>
                <TextEquiv>
                    <Unicode>plane partium mearum sentio studiosum; censuram</Unicode>
                </TextEquiv>
            </TextLine>
            <TextLine id="r_10_tl_49" custom="readingOrder {index:48;}">
                <Coords points="181,2762 1204,2761 1204,2717 1146,2707 181,2726"/>
                <Baseline points="188,2755 220,2758 265,2755 310,2752 355,2752 400,2752 444,2752 489,2752 534,2752 579,2752 623,2752 668,2752 713,2752 758,2752 803,2749 847,2749 892,2749 937,2749 982,2749 1027,2749 1071,2749 1116,2749 1161,2749 1206,2749"/>
                <Word id="r_10_tl_49_w1" custom="readingOrder {index:0;}">
                    <Coords points="185,2715 185,2775 327,2775 327,2715"/>
                    <TextEquiv>
                        <Unicode>rogaui,</Unicode>
                    </TextEquiv>
                </Word>
                <Word id="r_10_tl_49_w2" custom="readingOrder {index:1;}">
                    <Coords points="352,2712 352,2772 460,2772 460,2712"/>
                    <TextEquiv>
                        <Unicode>laudes</Unicode>
                    </TextEquiv>
                </Word>
                <Word id="r_10_tl_49_w3" custom="readingOrder {index:2;}">
                    <Coords points="485,2712 485,2772 568,2772 568,2712"/>
                    <TextEquiv>
                        <Unicode>tuli;</Unicode>
                    </TextEquiv>
                </Word>
                <Word id="r_10_tl_49_w4" custom="readingOrder {index:3;}">
                    <Coords points="593,2712 593,2772 642,2772 642,2712"/>
                    <TextEquiv>
                        <Unicode>sed</Unicode>
                    </TextEquiv>
                </Word>
                <Word id="r_10_tl_49_w5" custom="readingOrder {index:4;}">
                    <Coords points="667,2712 667,2772 794,2772 794,2712"/>
                    <TextEquiv>
                        <Unicode>tenuis,</Unicode>
                    </TextEquiv>
                </Word>
                <Word id="r_10_tl_49_w6" custom="readingOrder {index:5;}">
                    <Coords points="820,2709 820,2769 898,2769 898,2709"/>
                    <TextEquiv>
                        <Unicode>quae</Unicode>
                    </TextEquiv>
                </Word>
                <Word id="r_10_tl_49_w7" custom="readingOrder {index:6;}">
                    <Coords points="928,2709 928,2769 1021,2769 1021,2709"/>
                    <TextEquiv>
                        <Unicode>secum</Unicode>
                    </TextEquiv>
                </Word>
                <Word id="r_10_tl_49_w8" custom="readingOrder {index:7;}">
                    <Coords points="1065,2709 1065,2769 1198,2769 1198,2709"/>
                    <TextEquiv>
                        <Unicode>habitat</Unicode>
                    </TextEquiv>
                </Word>
                <TextEquiv>
                    <Unicode>rogaui, laudes tuli; sed tenuis, quae secum habitat</Unicode>
                </TextEquiv>
            </TextLine>
            <TextLine id="r_10_tl_50" custom="readingOrder {index:49;}">
                <Coords points="184,2814 1207,2804 1207,2773 1103,2756 184,2778"/>
                <Baseline points="191,2803 223,2806 268,2803 313,2803 358,2800 403,2803 447,2803 492,2800 537,2800 582,2803 626,2800 671,2800 716,2800 761,2800 806,2797 850,2797 895,2797 940,2797 985,2800 1030,2797 1074,2800 1119,2797 1164,2797 1209,2794"/>
                <Word id="r_10_tl_50_w1" custom="readingOrder {index:0;}">
                    <Coords points="188,2765 188,2825 271,2825 271,2765"/>
                    <TextEquiv>
                        <Unicode>musa</Unicode>
                    </TextEquiv>
                </Word>
                <Word id="r_10_tl_50_w2" custom="readingOrder {index:1;}">
                    <Coords points="297,2761 297,2821 366,2821 366,2761"/>
                    <TextEquiv>
                        <Unicode>mea</Unicode>
                    </TextEquiv>
                </Word>
                <Word id="r_10_tl_50_w3" custom="readingOrder {index:2;}">
                    <Coords points="396,2762 396,2822 504,2822 504,2762"/>
                    <TextEquiv>
                        <Unicode>curtae</Unicode>
                    </TextEquiv>
                </Word>
                <Word id="r_10_tl_50_w4" custom="readingOrder {index:3;}">
                    <Coords points="529,2761 529,2821 598,2821 598,2761"/>
                    <TextEquiv>
                        <Unicode>suae</Unicode>
                    </TextEquiv>
                </Word>
                <Word id="r_10_tl_50_w5" custom="readingOrder {index:4;}">
                    <Coords points="623,2760 623,2820 835,2820 835,2760"/>
                    <TextEquiv>
                        <Unicode>supellectilis</Unicode>
                    </TextEquiv>
                </Word>
                <Word id="r_10_tl_50_w6" custom="readingOrder {index:5;}">
                    <Coords points="860,2757 860,2817 914,2817 914,2757"/>
                    <TextEquiv>
                        <Unicode>non</Unicode>
                    </TextEquiv>
                </Word>
                <Word id="r_10_tl_50_w7" custom="readingOrder {index:6;}">
                    <Coords points="944,2759 944,2819 1018,2819 1018,2759"/>
                    <TextEquiv>
                        <Unicode>adeo</Unicode>
                    </TextEquiv>
                </Word>
                <Word id="r_10_tl_50_w8" custom="readingOrder {index:7;}">
                    <Coords points="1048,2759 1048,2819 1087,2819 1087,2759"/>
                    <TextEquiv>
                        <Unicode>est</Unicode>
                    </TextEquiv>
                </Word>
                <Word id="r_10_tl_50_w9" custom="readingOrder {index:8;}">
                    <Coords points="1103,2757 1103,2817 1200,2817 1200,2757"/>
                    <TextEquiv>
                        <Unicode>igno</Unicode>
                    </TextEquiv>
                </Word>
                <TextEquiv>
                    <Unicode>musa mea curtae suae supellectilis non adeo est igno</Unicode>
                </TextEquiv>
            </TextLine>
            <TextLine id="r_10_tl_51" custom="readingOrder {index:50;}">
                <Coords points="178,2872 1203,2861 1203,2821 1111,2804 178,2828"/>
                <Baseline points="185,2854 220,2857 265,2854 310,2854 355,2854 400,2851 444,2851 489,2851 534,2851 579,2851 623,2851 668,2851 713,2851 758,2848 803,2848 847,2848 892,2845 937,2848 982,2848 1027,2848 1071,2848 1116,2848 1161,2848 1206,2845"/>
                <Word id="r_10_tl_51_w1" custom="readingOrder {index:0;}">
                    <Coords points="182,2816 182,2876 241,2876 241,2816"/>
                    <TextEquiv>
                        <Unicode>ra,</Unicode>
                    </TextEquiv>
                </Word>
                <Word id="r_10_tl_51_w2" custom="readingOrder {index:1;}">
                    <Coords points="266,2814 266,2874 295,2874 295,2814"/>
                    <TextEquiv>
                        <Unicode>vt</Unicode>
                    </TextEquiv>
                </Word>
                <Word id="r_10_tl_51_w3" custom="readingOrder {index:2;}">
                    <Coords points="315,2812 315,2872 433,2872 433,2812"/>
                    <TextEquiv>
                        <Unicode>merito</Unicode>
                    </TextEquiv>
                </Word>
                <Word id="r_10_tl_51_w4" custom="readingOrder {index:3;}">
                    <Coords points="463,2811 463,2871 506,2871 506,2811"/>
                    <TextEquiv>
                        <Unicode>suo</Unicode>
                    </TextEquiv>
                </Word>
                <Word id="r_10_tl_51_w5" custom="readingOrder {index:4;}">
                    <Coords points="537,2811 537,2871 684,2871 684,2811"/>
                    <TextEquiv>
                        <Unicode>tribuat,</Unicode>
                    </TextEquiv>
                </Word>
                <Word id="r_10_tl_51_w6" custom="readingOrder {index:5;}">
                    <Coords points="714,2808 714,2868 802,2868 802,2808"/>
                    <TextEquiv>
                        <Unicode>quod</Unicode>
                    </TextEquiv>
                </Word>
                <Word id="r_10_tl_51_w7" custom="readingOrder {index:6;}">
                    <Coords points="827,2806 827,2866 926,2866 926,2806"/>
                    <TextEquiv>
                        <Unicode>tuae,</Unicode>
                    </TextEquiv>
                </Word>
                <Word id="r_10_tl_51_w8" custom="readingOrder {index:7;}">
                    <Coords points="956,2808 956,2868 1005,2868 1005,2808"/>
                    <TextEquiv>
                        <Unicode>vir</Unicode>
                    </TextEquiv>
                </Word>
                <Word id="r_10_tl_51_w9" custom="readingOrder {index:8;}">
                    <Coords points="1035,2808 1035,2868 1192,2868 1192,2808"/>
                    <TextEquiv>
                        <Unicode>excellen-</Unicode>
                    </TextEquiv>
                </Word>
                <TextEquiv>
                    <Unicode>ra, vt merito suo tribuat, quod tuae, vir excellen-</Unicode>
                </TextEquiv>
            </TextLine>
            <TextLine id="r_10_tl_52" custom="readingOrder {index:51;}">
                <Coords points="178,2920 1196,2928 1196,2862 1151,2853 178,2874"/>
                <Baseline points="185,2901 214,2904 259,2901 304,2904 349,2904 394,2904 438,2904 483,2904 528,2901 573,2901 618,2904 662,2904 707,2901 752,2901 797,2898 841,2898 886,2898 931,2898 976,2898 1021,2898 1065,2898 1110,2901 1155,2901 1200,2898"/>
                <Word id="r_10_tl_52_w1" custom="readingOrder {index:0;}">
                    <Coords points="184,2861 184,2921 319,2921 319,2861"/>
                    <TextEquiv>
                        <Unicode>tissime,</Unicode>
                    </TextEquiv>
                </Word>
                <Word id="r_10_tl_52_w2" custom="readingOrder {index:1;}">
                    <Coords points="336,2864 336,2924 466,2924 466,2864"/>
                    <TextEquiv>
                        <Unicode>debetur</Unicode>
                    </TextEquiv>
                </Word>
                <Word id="r_10_tl_52_w3" custom="readingOrder {index:2;}">
                    <Coords points="488,2861 488,2921 677,2921 677,2861"/>
                    <TextEquiv>
                        <Unicode>amicitiae.</Unicode>
                    </TextEquiv>
                </Word>
                <Word id="r_10_tl_52_w4" custom="readingOrder {index:3;}">
                    <Coords points="722,2858 722,2918 851,2918 851,2858"/>
                    <TextEquiv>
                        <Unicode>Plinius</Unicode>
                    </TextEquiv>
                </Word>
                <Word id="r_10_tl_52_w5" custom="readingOrder {index:4;}">
                    <Coords points="874,2858 874,2918 955,2918 955,2858"/>
                    <TextEquiv>
                        <Unicode>alter</Unicode>
                    </TextEquiv>
                </Word>
                <Word id="r_10_tl_52_w6" custom="readingOrder {index:5;}">
                    <Coords points="977,2858 977,2918 1025,2918 1025,2858"/>
                    <TextEquiv>
                        <Unicode>cum</Unicode>
                    </TextEquiv>
                </Word>
                <Word id="r_10_tl_52_w7" custom="readingOrder {index:6;}">
                    <Coords points="1069,2859 1069,2919 1107,2919 1107,2859"/>
                    <TextEquiv>
                        <Unicode>sis</Unicode>
                    </TextEquiv>
                </Word>
                <Word id="r_10_tl_52_w8" custom="readingOrder {index:7;}">
                    <Coords points="1129,2860 1129,2920 1193,2920 1193,2860"/>
                    <TextEquiv>
                        <Unicode>Tu,</Unicode>
                    </TextEquiv>
                </Word>
                <TextEquiv>
                    <Unicode>tissime, debetur amicitiae. Plinius alter cum sis Tu,</Unicode>
                </TextEquiv>
            </TextLine>
            <TextEquiv>
                <Unicode></Unicode>
            </TextEquiv>
        </TextRegion>
        <TextRegion id="r_11" custom="readingOrder {index:1;}">
            <Coords points="1205,291 2292,291 2292,2997 1231,2997"/>
            <TextLine id="r_11_tl_1" custom="readingOrder {index:0;}">
                <Coords points="1211,345 2246,354 2235,276 1908,314 1829,275 1694,312 1536,277 1211,292"/>
                <Baseline points="1218,337 1262,337 1307,337 1352,331 1397,334 1442,334 1486,334 1531,334 1576,334 1621,337 1665,334 1710,337 1755,334 1800,337 1845,334 1889,334 1934,337 1979,331 2024,334 2068,334 2113,334 2158,334 2203,334 2248,334"/>
                <Word id="r_11_tl_1_w1" custom="readingOrder {index:0;}">
                    <Coords points="1216,297 1216,357 1277,357 1277,297"/>
                    <TextEquiv>
                        <Unicode>non</Unicode>
                    </TextEquiv>
                </Word>
                <Word id="r_11_tl_1_w2" custom="readingOrder {index:1;}">
                    <Coords points="1309,293 1309,353 1365,353 1365,293"/>
                    <TextEquiv>
                        <Unicode>ego</Unicode>
                    </TextEquiv>
                </Word>
                <Word id="r_11_tl_1_w3" custom="readingOrder {index:2;}">
                    <Coords points="1397,294 1397,354 1443,354 1443,294"/>
                    <TextEquiv>
                        <Unicode>sum</Unicode>
                    </TextEquiv>
                </Word>
                <Word id="r_11_tl_1_w4" custom="readingOrder {index:3;}">
                    <Coords points="1490,294 1490,354 1592,354 1592,294"/>
                    <TextEquiv>
                        <Unicode>Iulius</Unicode>
                    </TextEquiv>
                </Word>
                <Word id="r_11_tl_1_w5" custom="readingOrder {index:4;}">
                    <Coords points="1614,294 1614,354 1738,354 1738,294"/>
                    <TextEquiv>
                        <Unicode>Ferox,</Unicode>
                    </TextEquiv>
                </Word>
                <Word id="r_11_tl_1_w6" custom="readingOrder {index:5;}">
                    <Coords points="1764,295 1764,355 1887,355 1887,295"/>
                    <TextEquiv>
                        <Unicode>studere</Unicode>
                    </TextEquiv>
                </Word>
                <Word id="r_11_tl_1_w7" custom="readingOrder {index:6;}">
                    <Coords points="1914,296 1914,356 1960,356 1960,296"/>
                    <TextEquiv>
                        <Unicode>me</Unicode>
                    </TextEquiv>
                </Word>
                <Word id="r_11_tl_1_w8" custom="readingOrder {index:7;}">
                    <Coords points="1997,294 1997,354 2099,354 2099,294"/>
                    <TextEquiv>
                        <Unicode>tamen</Unicode>
                    </TextEquiv>
                </Word>
                <Word id="r_11_tl_1_w9" custom="readingOrder {index:8;}">
                    <Coords points="2136,294 2136,354 2239,354 2239,294"/>
                    <TextEquiv>
                        <Unicode>inter</Unicode>
                    </TextEquiv>
                </Word>
                <TextEquiv>
                    <Unicode>non ego sum Iulius Ferox, studere me tamen inter</Unicode>
                </TextEquiv>
            </TextLine>
            <TextLine id="r_11_tl_2" custom="readingOrder {index:1;}">
                <Coords points="1211,391 2250,398 2250,353 2117,346 1211,350"/>
                <Baseline points="1218,385 1262,388 1307,385 1352,385 1397,385 1442,385 1486,385 1531,385 1576,385 1621,385 1665,388 1710,388 1755,388 1800,388 1845,385 1889,385 1934,385 1979,382 2024,385 2068,382 2113,382 2158,382 2203,385 2248,388 2254,385"/>
                <Word id="r_11_tl_2_w1" custom="readingOrder {index:0;}">
                    <Coords points="1220,347 1220,407 1278,407 1278,347"/>
                    <TextEquiv>
                        <Unicode>dum</Unicode>
                    </TextEquiv>
                </Word>
                <Word id="r_11_tl_2_w2" custom="readingOrder {index:1;}">
                    <Coords points="1323,345 1323,405 1382,405 1382,345"/>
                    <TextEquiv>
                        <Unicode>non</Unicode>
                    </TextEquiv>
                </Word>
                <Word id="r_11_tl_2_w3" custom="readingOrder {index:2;}">
                    <Coords points="1412,345 1412,405 1520,405 1520,345"/>
                    <TextEquiv>
                        <Unicode>nego,</Unicode>
                    </TextEquiv>
                </Word>
                <Word id="r_11_tl_2_w4" custom="readingOrder {index:3;}">
                    <Coords points="1545,345 1545,405 1603,405 1603,345"/>
                    <TextEquiv>
                        <Unicode>qui</Unicode>
                    </TextEquiv>
                </Word>
                <Word id="r_11_tl_2_w5" custom="readingOrder {index:4;}">
                    <Coords points="1624,348 1624,408 1707,408 1707,348"/>
                    <TextEquiv>
                        <Unicode>vitam</Unicode>
                    </TextEquiv>
                </Word>
                <Word id="r_11_tl_2_w6" custom="readingOrder {index:5;}">
                    <Coords points="1752,348 1752,408 1806,408 1806,348"/>
                    <TextEquiv>
                        <Unicode>sine</Unicode>
                    </TextEquiv>
                </Word>
                <Word id="r_11_tl_2_w7" custom="readingOrder {index:6;}">
                    <Coords points="1831,345 1831,405 1953,405 1953,345"/>
                    <TextEquiv>
                        <Unicode>litteris</Unicode>
                    </TextEquiv>
                </Word>
                <Word id="r_11_tl_2_w8" custom="readingOrder {index:7;}">
                    <Coords points="1979,343 1979,403 2106,403 2106,343"/>
                    <TextEquiv>
                        <Unicode>mortem</Unicode>
                    </TextEquiv>
                </Word>
                <Word id="r_11_tl_2_w9" custom="readingOrder {index:8;}">
                    <Coords points="2156,344 2156,404 2248,404 2248,344"/>
                    <TextEquiv>
                        <Unicode>puto.</Unicode>
                    </TextEquiv>
                </Word>
                <TextEquiv>
                    <Unicode>dum non nego, qui vitam sine litteris mortem puto.</Unicode>
                </TextEquiv>
            </TextLine>
            <TextLine id="r_11_tl_3" custom="readingOrder {index:2;}">
                <Coords points="1217,451 2254,454 2223,395 1217,406"/>
                <Baseline points="1224,435 1268,435 1313,435 1358,435 1403,435 1447,432 1492,432 1537,432 1582,432 1627,432 1671,435 1716,435 1761,435 1806,435 1851,438 1895,435 1940,435 1985,435 2030,435 2074,435 2119,432 2164,432 2209,432 2254,435 2257,435"/>
                <Word id="r_11_tl_3_w1" custom="readingOrder {index:0;}">
                    <Coords points="1221,395 1221,455 1334,455 1334,395"/>
                    <TextEquiv>
                        <Unicode>Annum</Unicode>
                    </TextEquiv>
                </Word>
                <Word id="r_11_tl_3_w2" custom="readingOrder {index:1;}">
                    <Coords points="1379,392 1379,452 1530,452 1530,392"/>
                    <TextEquiv>
                        <Unicode>Versibus</Unicode>
                    </TextEquiv>
                </Word>
                <Word id="r_11_tl_3_w3" custom="readingOrder {index:2;}">
                    <Coords points="1551,392 1551,452 1732,452 1732,392"/>
                    <TextEquiv>
                        <Unicode>exscriptum</Unicode>
                    </TextEquiv>
                </Word>
                <Word id="r_11_tl_3_w4" custom="readingOrder {index:3;}">
                    <Coords points="1777,397 1777,457 1929,457 1929,397"/>
                    <TextEquiv>
                        <Unicode>excepisti</Unicode>
                    </TextEquiv>
                </Word>
                <Word id="r_11_tl_3_w5" custom="readingOrder {index:4;}">
                    <Coords points="1949,395 1949,455 2115,455 2115,395"/>
                    <TextEquiv>
                        <Unicode>benigne;</Unicode>
                    </TextEquiv>
                </Word>
                <Word id="r_11_tl_3_w6" custom="readingOrder {index:5;}">
                    <Coords points="2146,392 2146,452 2219,452 2219,392"/>
                    <TextEquiv>
                        <Unicode>diem</Unicode>
                    </TextEquiv>
                </Word>
                <TextEquiv>
                    <Unicode>Annum Versibus exscriptum excepisti benigne; diem</Unicode>
                </TextEquiv>
            </TextLine>
            <TextLine id="r_11_tl_4" custom="readingOrder {index:3;}">
                <Coords points="1217,508 2248,491 2248,450 2187,443 1217,458"/>
                <Baseline points="1224,483 1268,483 1313,483 1358,480 1403,480 1447,483 1492,483 1537,480 1582,480 1627,483 1671,483 1716,486 1761,486 1806,486 1851,486 1895,483 1940,486 1985,486 2030,483 2074,483 2119,480 2164,480 2209,480 2251,483"/>
                <Word id="r_11_tl_4_w1" custom="readingOrder {index:0;}">
                    <Coords points="1220,443 1220,503 1388,503 1388,443"/>
                    <TextEquiv>
                        <Unicode>nascentem</Unicode>
                    </TextEquiv>
                </Word>
                <Word id="r_11_tl_4_w2" custom="readingOrder {index:1;}">
                    <Coords points="1435,443 1435,503 1462,503 1462,443"/>
                    <TextEquiv>
                        <Unicode>ex</Unicode>
                    </TextEquiv>
                </Word>
                <Word id="r_11_tl_4_w3" custom="readingOrder {index:2;}">
                    <Coords points="1491,440 1491,500 1612,500 1612,440"/>
                    <TextEquiv>
                        <Unicode>Bessero</Unicode>
                    </TextEquiv>
                </Word>
                <Word id="r_11_tl_4_w4" custom="readingOrder {index:3;}">
                    <Coords points="1650,446 1650,506 1874,506 1874,446"/>
                    <TextEquiv>
                        <Unicode>translatum,</Unicode>
                    </TextEquiv>
                </Word>
                <Word id="r_11_tl_4_w5" custom="readingOrder {index:4;}">
                    <Coords points="1907,446 1907,506 2009,506 2009,446"/>
                    <TextEquiv>
                        <Unicode>eodem</Unicode>
                    </TextEquiv>
                </Word>
                <Word id="r_11_tl_4_w6" custom="readingOrder {index:5;}">
                    <Coords points="2052,440 2052,500 2163,500 2163,440"/>
                    <TextEquiv>
                        <Unicode>fauore</Unicode>
                    </TextEquiv>
                </Word>
                <Word id="r_11_tl_4_w7" custom="readingOrder {index:6;}">
                    <Coords points="2196,440 2196,500 2247,500 2247,440"/>
                    <TextEquiv>
                        <Unicode>di</Unicode>
                    </TextEquiv>
                </Word>
                <TextEquiv>
                    <Unicode>nascentem ex Bessero translatum, eodem fauore di</Unicode>
                </TextEquiv>
            </TextLine>
            <TextLine id="r_11_tl_5" custom="readingOrder {index:4;}">
                <Coords points="1226,559 2250,555 2233,489 1226,504"/>
                <Baseline points="1233,537 1277,534 1322,531 1367,531 1412,534 1456,531 1501,531 1546,531 1591,531 1636,531 1680,534 1725,534 1770,537 1815,537 1859,537 1904,534 1949,534 1994,534 2039,531 2083,534 2128,531 2173,534 2218,531 2254,537"/>
                <Word id="r_11_tl_5_w1" custom="readingOrder {index:0;}">
                    <Coords points="1226,493 1226,553 1342,553 1342,493"/>
                    <TextEquiv>
                        <Unicode>gnatus</Unicode>
                    </TextEquiv>
                </Word>
                <Word id="r_11_tl_5_w2" custom="readingOrder {index:1;}">
                    <Coords points="1363,492 1363,552 1421,552 1421,492"/>
                    <TextEquiv>
                        <Unicode>es;</Unicode>
                    </TextEquiv>
                </Word>
                <Word id="r_11_tl_5_w3" custom="readingOrder {index:2;}">
                    <Coords points="1448,491 1448,551 1543,551 1543,491"/>
                    <TextEquiv>
                        <Unicode>restat</Unicode>
                    </TextEquiv>
                </Word>
                <Word id="r_11_tl_5_w4" custom="readingOrder {index:3;}">
                    <Coords points="1565,491 1565,551 1697,551 1697,491"/>
                    <TextEquiv>
                        <Unicode>vesper,</Unicode>
                    </TextEquiv>
                </Word>
                <Word id="r_11_tl_5_w5" custom="readingOrder {index:4;}">
                    <Coords points="1718,495 1718,555 1782,555 1782,495"/>
                    <TextEquiv>
                        <Unicode>qui</Unicode>
                    </TextEquiv>
                </Word>
                <Word id="r_11_tl_5_w6" custom="readingOrder {index:5;}">
                    <Coords points="1798,497 1798,557 1871,557 1871,497"/>
                    <TextEquiv>
                        <Unicode>diem</Unicode>
                    </TextEquiv>
                </Word>
                <Word id="r_11_tl_5_w7" custom="readingOrder {index:6;}">
                    <Coords points="1915,494 1915,554 2046,554 2046,494"/>
                    <TextEquiv>
                        <Unicode>claudat</Unicode>
                    </TextEquiv>
                </Word>
                <Word id="r_11_tl_5_w8" custom="readingOrder {index:7;}">
                    <Coords points="2068,493 2068,553 2248,553 2248,493"/>
                    <TextEquiv>
                        <Unicode>Olympo;</Unicode>
                    </TextEquiv>
                </Word>
                <TextEquiv>
                    <Unicode>gnatus es; restat vesper, qui diem claudat Olympo;</Unicode>
                </TextEquiv>
            </TextLine>
            <TextLine id="r_11_tl_6" custom="readingOrder {index:5;}">
                <Coords points="1217,592 2250,588 2236,550 2113,544 1217,559"/>
                <Baseline points="1224,585 1268,585 1313,582 1358,579 1403,579 1447,579 1492,579 1537,579 1582,579 1627,582 1671,585 1716,585 1761,585 1806,585 1851,585 1895,582 1940,585 1985,585 2030,585 2074,582 2119,582 2164,582 2209,582 2254,579"/>
                <Word id="r_11_tl_6_w1" custom="readingOrder {index:0;}">
                    <Coords points="1220,545 1220,605 1256,605 1256,545"/>
                    <TextEquiv>
                        <Unicode>et</Unicode>
                    </TextEquiv>
                </Word>
                <Word id="r_11_tl_6_w2" custom="readingOrder {index:1;}">
                    <Coords points="1279,541 1279,601 1365,601 1365,541"/>
                    <TextEquiv>
                        <Unicode>hunc</Unicode>
                    </TextEquiv>
                </Word>
                <Word id="r_11_tl_6_w3" custom="readingOrder {index:2;}">
                    <Coords points="1397,539 1397,599 1433,599 1433,539"/>
                    <TextEquiv>
                        <Unicode>ex</Unicode>
                    </TextEquiv>
                </Word>
                <Word id="r_11_tl_6_w4" custom="readingOrder {index:3;}">
                    <Coords points="1465,539 1465,599 1587,599 1587,539"/>
                    <TextEquiv>
                        <Unicode>Bessero</Unicode>
                    </TextEquiv>
                </Word>
                <Word id="r_11_tl_6_w5" custom="readingOrder {index:4;}">
                    <Coords points="1619,544 1619,604 1718,604 1718,544"/>
                    <TextEquiv>
                        <Unicode>latine</Unicode>
                    </TextEquiv>
                </Word>
                <Word id="r_11_tl_6_w6" custom="readingOrder {index:5;}">
                    <Coords points="1747,545 1747,605 1896,605 1896,545"/>
                    <TextEquiv>
                        <Unicode>reddidi,</Unicode>
                    </TextEquiv>
                </Word>
                <Word id="r_11_tl_6_w7" custom="readingOrder {index:6;}">
                    <Coords points="1928,545 1928,605 2054,605 2054,545"/>
                    <TextEquiv>
                        <Unicode>metrum</Unicode>
                    </TextEquiv>
                </Word>
                <Word id="r_11_tl_6_w8" custom="readingOrder {index:7;}">
                    <Coords points="2100,542 2100,602 2240,602 2240,542"/>
                    <TextEquiv>
                        <Unicode>Senecae</Unicode>
                    </TextEquiv>
                </Word>
                <TextEquiv>
                    <Unicode>et hunc ex Bessero latine reddidi, metrum Senecae</Unicode>
                </TextEquiv>
            </TextLine>
            <TextLine id="r_11_tl_7" custom="readingOrder {index:6;}">
                <Coords points="1217,648 2248,633 2248,588 2001,618 1217,594"/>
                <Baseline points="1224,632 1265,632 1310,632 1355,629 1400,629 1444,629 1489,632 1534,635 1579,632 1624,632 1668,632 1713,632 1758,635 1803,635 1848,635 1892,632 1937,632 1982,632 2027,632 2071,632 2116,629 2161,632 2206,632 2251,629"/>
                <Word id="r_11_tl_7_w1" custom="readingOrder {index:0;}">
                    <Coords points="1221,592 1221,652 1373,652 1373,592"/>
                    <TextEquiv>
                        <Unicode>secutus:</Unicode>
                    </TextEquiv>
                </Word>
                <Word id="r_11_tl_7_w2" custom="readingOrder {index:1;}">
                    <Coords points="1402,589 1402,649 1502,649 1502,589"/>
                    <TextEquiv>
                        <Unicode>Stet,</Unicode>
                    </TextEquiv>
                </Word>
                <Word id="r_11_tl_7_w3" custom="readingOrder {index:2;}">
                    <Coords points="1526,592 1526,652 1712,652 1712,592"/>
                    <TextEquiv>
                        <Unicode>quicunque</Unicode>
                    </TextEquiv>
                </Word>
                <Word id="r_11_tl_7_w4" custom="readingOrder {index:3;}">
                    <Coords points="1736,595 1736,655 1817,655 1817,595"/>
                    <TextEquiv>
                        <Unicode>volet</Unicode>
                    </TextEquiv>
                </Word>
                <Word id="r_11_tl_7_w5" custom="readingOrder {index:4;}">
                    <Coords points="1841,592 1841,652 1975,652 1975,592"/>
                    <TextEquiv>
                        <Unicode>potens,</Unicode>
                    </TextEquiv>
                </Word>
                <Word id="r_11_tl_7_w6" custom="readingOrder {index:5;}">
                    <Coords points="2009,592 2009,652 2104,652 2104,592"/>
                    <TextEquiv>
                        <Unicode>aulae</Unicode>
                    </TextEquiv>
                </Word>
                <Word id="r_11_tl_7_w7" custom="readingOrder {index:6;}">
                    <Coords points="2133,592 2133,652 2247,652 2247,592"/>
                    <TextEquiv>
                        <Unicode>culmi-</Unicode>
                    </TextEquiv>
                </Word>
                <TextEquiv>
                    <Unicode>secutus: Stet, quicunque volet potens, aulae culmi-</Unicode>
                </TextEquiv>
            </TextLine>
            <TextLine id="r_11_tl_8" custom="readingOrder {index:7;}">
                <Coords points="1217,696 2257,692 2240,634 1217,648"/>
                <Baseline points="1224,680 1268,680 1313,680 1358,677 1403,677 1447,677 1492,680 1537,680 1582,680 1627,683 1671,683 1716,680 1761,683 1806,683 1851,683 1895,683 1940,680 1985,680 2030,680 2074,680 2119,680 2164,680 2209,680 2254,683 2260,683"/>
                <Word id="r_11_tl_8_w1" custom="readingOrder {index:0;}">
                    <Coords points="1221,640 1221,700 1257,700 1257,640"/>
                    <TextEquiv>
                        <Unicode>ne</Unicode>
                    </TextEquiv>
                </Word>
                <Word id="r_11_tl_8_w2" custom="readingOrder {index:1;}">
                    <Coords points="1286,637 1286,697 1412,697 1412,637"/>
                    <TextEquiv>
                        <Unicode>lubrico</Unicode>
                    </TextEquiv>
                </Word>
                <Word id="r_11_tl_8_w3" custom="readingOrder {index:2;}">
                    <Coords points="1445,639 1445,699 1511,699 1511,639"/>
                    <TextEquiv>
                        <Unicode>&amp;c.</Unicode>
                    </TextEquiv>
                </Word>
                <Word id="r_11_tl_8_w4" custom="readingOrder {index:3;}">
                    <Coords points="1567,641 1567,701 1825,701 1825,641"/>
                    <TextEquiv>
                        <Unicode>Qualescunque</Unicode>
                    </TextEquiv>
                </Word>
                <Word id="r_11_tl_8_w5" custom="readingOrder {index:4;}">
                    <Coords points="1858,640 1858,700 1998,700 1998,640"/>
                    <TextEquiv>
                        <Unicode>conatus</Unicode>
                    </TextEquiv>
                </Word>
                <Word id="r_11_tl_8_w6" custom="readingOrder {index:5;}">
                    <Coords points="2022,640 2022,700 2116,700 2116,640"/>
                    <TextEquiv>
                        <Unicode>meos</Unicode>
                    </TextEquiv>
                </Word>
                <Word id="r_11_tl_8_w7" custom="readingOrder {index:6;}">
                    <Coords points="2149,640 2149,700 2247,700 2247,640"/>
                    <TextEquiv>
                        <Unicode>aequi</Unicode>
                    </TextEquiv>
                </Word>
                <TextEquiv>
                    <Unicode>ne lubrico &amp;c. Qualescunque conatus meos aequi</Unicode>
                </TextEquiv>
            </TextLine>
            <TextLine id="r_11_tl_9" custom="readingOrder {index:8;}">
                <Coords points="1226,744 2249,763 2249,699 2189,692 1226,692"/>
                <Baseline points="1233,731 1277,731 1322,728 1367,728 1412,728 1456,728 1501,728 1546,731 1591,731 1636,731 1680,731 1725,734 1770,731 1815,734 1859,731 1904,734 1949,731 1994,734 2039,734 2083,734 2128,734 2173,734 2218,734 2251,740"/>
                <Word id="r_11_tl_9_w1" custom="readingOrder {index:0;}">
                    <Coords points="1226,689 1226,749 1376,749 1376,689"/>
                    <TextEquiv>
                        <Unicode>bonique</Unicode>
                    </TextEquiv>
                </Word>
                <Word id="r_11_tl_9_w2" custom="readingOrder {index:1;}">
                    <Coords points="1418,688 1418,748 1547,748 1547,688"/>
                    <TextEquiv>
                        <Unicode>consule</Unicode>
                    </TextEquiv>
                </Word>
                <Word id="r_11_tl_9_w3" custom="readingOrder {index:2;}">
                    <Coords points="1594,691 1594,751 1624,751 1624,691"/>
                    <TextEquiv>
                        <Unicode>et</Unicode>
                    </TextEquiv>
                </Word>
                <Word id="r_11_tl_9_w4" custom="readingOrder {index:3;}">
                    <Coords points="1661,692 1661,752 1733,752 1733,692"/>
                    <TextEquiv>
                        <Unicode>faue</Unicode>
                    </TextEquiv>
                </Word>
                <Word id="r_11_tl_9_w5" custom="readingOrder {index:4;}">
                    <Coords points="1775,693 1775,753 1843,753 1843,693"/>
                    <TextEquiv>
                        <Unicode>Tuo</Unicode>
                    </TextEquiv>
                </Word>
                <Word id="r_11_tl_9_w6" custom="readingOrder {index:5;}">
                    <Coords points="1885,693 1885,753 1920,753 1920,693"/>
                    <TextEquiv>
                        <Unicode>1.</Unicode>
                    </TextEquiv>
                </Word>
                <Word id="r_11_tl_9_w7" custom="readingOrder {index:6;}">
                    <Coords points="1947,692 1947,752 1998,752 1998,692"/>
                    <TextEquiv>
                        <Unicode>G.</Unicode>
                    </TextEquiv>
                </Word>
                <Word id="r_11_tl_9_w8" custom="readingOrder {index:7;}">
                    <Coords points="2025,694 2025,754 2060,754 2060,694"/>
                    <TextEquiv>
                        <Unicode>v.</Unicode>
                    </TextEquiv>
                </Word>
                <Word id="r_11_tl_9_w9" custom="readingOrder {index:8;}">
                    <Coords points="2092,694 2092,754 2247,754 2247,694"/>
                    <TextEquiv>
                        <Unicode>Werner,</Unicode>
                    </TextEquiv>
                </Word>
                <TextEquiv>
                    <Unicode>bonique consule et faue Tuo 1. G. v. Werner,</Unicode>
                </TextEquiv>
            </TextLine>
            <TextLine id="r_11_tl_10" custom="readingOrder {index:9;}">
                <Coords points="1222,800 1314,813 1355,791 1463,788 1526,811 1594,796 1594,752 1563,736 1495,754 1373,743 1276,756 1256,743 1222,756"/>
                <Baseline points="1230,782 1274,785 1319,782 1364,779 1409,782 1453,782 1498,782 1543,782 1588,785 1597,788"/>
                <Word id="r_11_tl_10_w1" custom="readingOrder {index:0;}">
                    <Coords points="1230,743 1230,803 1266,803 1266,743"/>
                    <TextEquiv>
                        <Unicode>d.</Unicode>
                    </TextEquiv>
                </Word>
                <Word id="r_11_tl_10_w2" custom="readingOrder {index:1;}">
                    <Coords points="1286,742 1286,802 1348,802 1348,742"/>
                    <TextEquiv>
                        <Unicode>15.</Unicode>
                    </TextEquiv>
                </Word>
                <Word id="r_11_tl_10_w3" custom="readingOrder {index:2;}">
                    <Coords points="1367,742 1367,802 1459,802 1459,742"/>
                    <TextEquiv>
                        <Unicode>Nov.</Unicode>
                    </TextEquiv>
                </Word>
                <Word id="r_11_tl_10_w4" custom="readingOrder {index:3;}">
                    <Coords points="1479,742 1479,802 1590,802 1590,742"/>
                    <TextEquiv>
                        <Unicode>1755.</Unicode>
                    </TextEquiv>
                </Word>
                <TextEquiv>
                    <Unicode>d. 15. Nov. 1755.</Unicode>
                </TextEquiv>
            </TextLine>
            <TextLine id="r_11_tl_11" custom="readingOrder {index:10;}">
                <Coords points="1581,893 1629,898 1650,887 1690,901 1707,887 1732,898 1765,889 1789,902 1820,888 1891,906 1891,856 1855,835 1806,844 1771,833 1679,849 1581,831"/>
                <Baseline points="1588,886 1633,880 1677,883 1722,883 1767,883 1812,883 1857,883 1895,886"/>
                <Word id="r_11_tl_11_w1" custom="readingOrder {index:0;}">
                    <Coords points="1589,840 1589,900 1687,900 1687,840"/>
                    <TextEquiv>
                        <Unicode>Der</Unicode>
                    </TextEquiv>
                </Word>
                <Word id="r_11_tl_11_w2" custom="readingOrder {index:1;}">
                    <Coords points="1720,843 1720,903 1887,903 1887,843"/>
                    <TextEquiv>
                        <Unicode>Abend.</Unicode>
                    </TextEquiv>
                </Word>
                <TextEquiv>
                    <Unicode>Der Abend.</Unicode>
                </TextEquiv>
            </TextLine>
            <TextLine id="r_11_tl_12" custom="readingOrder {index:11;}">
                <Coords points="1279,967 2062,958 2062,888 2023,876 1835,929 1768,903 1375,936 1279,910"/>
                <Baseline points="1286,955 1331,952 1376,952 1421,955 1465,952 1510,952 1555,955 1600,952 1645,955 1689,952 1734,952 1779,955 1824,955 1868,955 1913,955 1958,955 2003,955 2048,955 2065,955"/>
                <Word id="r_11_tl_12_w1" custom="readingOrder {index:0;}">
                    <Coords points="1280,913 1280,973 1339,973 1339,913"/>
                    <TextEquiv>
                        <Unicode>Wo</Unicode>
                    </TextEquiv>
                </Word>
                <Word id="r_11_tl_12_w2" custom="readingOrder {index:1;}">
                    <Coords points="1375,914 1375,974 1446,974 1446,914"/>
                    <TextEquiv>
                        <Unicode>aber</Unicode>
                    </TextEquiv>
                </Word>
                <Word id="r_11_tl_12_w3" custom="readingOrder {index:2;}">
                    <Coords points="1482,913 1482,973 1576,973 1576,913"/>
                    <TextEquiv>
                        <Unicode>denkt</Unicode>
                    </TextEquiv>
                </Word>
                <Word id="r_11_tl_12_w4" custom="readingOrder {index:3;}">
                    <Coords points="1601,914 1601,974 1684,974 1684,914"/>
                    <TextEquiv>
                        <Unicode>mein</Unicode>
                    </TextEquiv>
                </Word>
                <Word id="r_11_tl_12_w5" custom="readingOrder {index:4;}">
                    <Coords points="1720,915 1720,975 1922,975 1922,915"/>
                    <TextEquiv>
                        <Unicode>Schmerzen</Unicode>
                    </TextEquiv>
                </Word>
                <Word id="r_11_tl_12_w6" custom="readingOrder {index:5;}">
                    <Coords points="1958,915 1958,975 2046,975 2046,915"/>
                    <TextEquiv>
                        <Unicode>hin?</Unicode>
                    </TextEquiv>
                </Word>
                <TextEquiv>
                    <Unicode>Wo aber denkt mein Schmerzen hin?</Unicode>
                </TextEquiv>
            </TextLine>
            <TextLine id="r_11_tl_13" custom="readingOrder {index:12;}">
                <Coords points="1229,1014 2145,1027 2119,962 1229,959"/>
                <Baseline points="1236,1003 1280,1003 1325,1006 1370,1003 1415,1003 1459,1003 1504,1003 1549,1003 1594,1003 1639,1000 1683,1003 1728,1003 1773,1003 1818,1003 1862,1003 1907,1003 1952,1006 1997,1006 2042,1006 2086,1006 2131,1006 2149,1006"/>
                <Word id="r_11_tl_13_w1" custom="readingOrder {index:0;}">
                    <Coords points="1235,963 1235,1023 1306,1023 1306,963"/>
                    <TextEquiv>
                        <Unicode>Seh</Unicode>
                    </TextEquiv>
                </Word>
                <Word id="r_11_tl_13_w2" custom="readingOrder {index:1;}">
                    <Coords points="1346,963 1346,1023 1384,1023 1384,963"/>
                    <TextEquiv>
                        <Unicode>ich</Unicode>
                    </TextEquiv>
                </Word>
                <Word id="r_11_tl_13_w3" custom="readingOrder {index:2;}">
                    <Coords points="1417,963 1417,1023 1489,1023 1489,963"/>
                    <TextEquiv>
                        <Unicode>doch</Unicode>
                    </TextEquiv>
                </Word>
                <Word id="r_11_tl_13_w4" custom="readingOrder {index:3;}">
                    <Coords points="1522,963 1522,1023 1605,1023 1605,963"/>
                    <TextEquiv>
                        <Unicode>schon</Unicode>
                    </TextEquiv>
                </Word>
                <Word id="r_11_tl_13_w5" custom="readingOrder {index:4;}">
                    <Coords points="1645,962 1645,1022 1705,1022 1705,962"/>
                    <TextEquiv>
                        <Unicode>mit</Unicode>
                    </TextEquiv>
                </Word>
                <Word id="r_11_tl_13_w6" custom="readingOrder {index:5;}">
                    <Coords points="1733,963 1733,1023 1965,1023 1965,963"/>
                    <TextEquiv>
                        <Unicode>umgestrztem</Unicode>
                    </TextEquiv>
                </Word>
                <Word id="r_11_tl_13_w7" custom="readingOrder {index:6;}">
                    <Coords points="2016,966 2016,1026 2142,1026 2142,966"/>
                    <TextEquiv>
                        <Unicode>Pfluge</Unicode>
                    </TextEquiv>
                </Word>
                <TextEquiv>
                    <Unicode>Seh ich doch schon mit umgestrztem Pfluge</Unicode>
                </TextEquiv>
            </TextLine>
            <TextLine id="r_11_tl_14" custom="readingOrder {index:13;}">
                <Coords points="1229,1060 1948,1069 1948,1032 1891,1014 1229,1014"/>
                <Baseline points="1236,1038 1277,1047 1322,1050 1367,1050 1412,1050 1456,1050 1501,1050 1546,1050 1591,1050 1636,1050 1680,1050 1725,1050 1770,1053 1815,1050 1859,1053 1904,1053 1949,1053 1952,1056"/>
                <Word id="r_11_tl_14_w1" custom="readingOrder {index:0;}">
                    <Coords points="1229,1005 1229,1065 1308,1065 1308,1005"/>
                    <TextEquiv>
                        <Unicode>Den</Unicode>
                    </TextEquiv>
                </Word>
                <Word id="r_11_tl_14_w2" custom="readingOrder {index:1;}">
                    <Coords points="1347,1010 1347,1070 1544,1070 1544,1010"/>
                    <TextEquiv>
                        <Unicode>Ackermann</Unicode>
                    </TextEquiv>
                </Word>
                <Word id="r_11_tl_14_w3" custom="readingOrder {index:2;}">
                    <Coords points="1582,1010 1582,1070 1657,1070 1657,1010"/>
                    <TextEquiv>
                        <Unicode>nach</Unicode>
                    </TextEquiv>
                </Word>
                <Word id="r_11_tl_14_w4" custom="readingOrder {index:3;}">
                    <Coords points="1695,1011 1695,1071 1806,1071 1806,1011"/>
                    <TextEquiv>
                        <Unicode>Hause</Unicode>
                    </TextEquiv>
                </Word>
                <Word id="r_11_tl_14_w5" custom="readingOrder {index:4;}">
                    <Coords points="1834,1013 1834,1073 1946,1073 1946,1013"/>
                    <TextEquiv>
                        <Unicode>ziehn,</Unicode>
                    </TextEquiv>
                </Word>
                <TextEquiv>
                    <Unicode>Den Ackermann nach Hause ziehn,</Unicode>
                </TextEquiv>
            </TextLine>
            <TextLine id="r_11_tl_15" custom="readingOrder {index:14;}">
                <Coords points="1234,1116 1887,1115 1887,1073 1791,1063 1234,1071"/>
                <Baseline points="1241,1089 1283,1098 1328,1101 1373,1098 1418,1101 1462,1101 1507,1101 1552,1101 1597,1101 1642,1101 1686,1101 1731,1101 1776,1104 1821,1104 1865,1101 1889,1104"/>
                <Word id="r_11_tl_15_w1" custom="readingOrder {index:0;}">
                    <Coords points="1234,1055 1234,1115 1304,1115 1304,1055"/>
                    <TextEquiv>
                        <Unicode>Die</Unicode>
                    </TextEquiv>
                </Word>
                <Word id="r_11_tl_15_w2" custom="readingOrder {index:1;}">
                    <Coords points="1332,1059 1332,1119 1469,1119 1469,1059"/>
                    <TextEquiv>
                        <Unicode>Rinder</Unicode>
                    </TextEquiv>
                </Word>
                <Word id="r_11_tl_15_w3" custom="readingOrder {index:2;}">
                    <Coords points="1497,1061 1497,1121 1595,1121 1595,1061"/>
                    <TextEquiv>
                        <Unicode>gehen</Unicode>
                    </TextEquiv>
                </Word>
                <Word id="r_11_tl_15_w4" custom="readingOrder {index:3;}">
                    <Coords points="1633,1061 1633,1121 1748,1121 1748,1061"/>
                    <TextEquiv>
                        <Unicode>sonder</Unicode>
                    </TextEquiv>
                </Word>
                <Word id="r_11_tl_15_w5" custom="readingOrder {index:4;}">
                    <Coords points="1775,1063 1775,1123 1884,1123 1884,1063"/>
                    <TextEquiv>
                        <Unicode>Zuge,</Unicode>
                    </TextEquiv>
                </Word>
                <TextEquiv>
                    <Unicode>Die Rinder gehen sonder Zuge,</Unicode>
                </TextEquiv>
            </TextLine>
            <TextLine id="r_11_tl_16" custom="readingOrder {index:15;}">
                <Coords points="1231,1158 1913,1164 1912,1102 1858,1124 1231,1117"/>
                <Baseline points="1238,1146 1283,1149 1328,1149 1373,1146 1418,1149 1462,1149 1507,1149 1552,1146 1597,1149 1642,1149 1686,1152 1731,1149 1776,1152 1821,1152 1865,1152 1910,1149 1916,1149"/>
                <Word id="r_11_tl_16_w1" custom="readingOrder {index:0;}">
                    <Coords points="1231,1108 1231,1168 1312,1168 1312,1108"/>
                    <TextEquiv>
                        <Unicode>Das</Unicode>
                    </TextEquiv>
                </Word>
                <Word id="r_11_tl_16_w2" custom="readingOrder {index:1;}">
                    <Coords points="1346,1107 1346,1167 1432,1167 1432,1107"/>
                    <TextEquiv>
                        <Unicode>Vieh</Unicode>
                    </TextEquiv>
                </Word>
                <Word id="r_11_tl_16_w3" custom="readingOrder {index:2;}">
                    <Coords points="1471,1109 1471,1169 1524,1169 1524,1109"/>
                    <TextEquiv>
                        <Unicode>eilt</Unicode>
                    </TextEquiv>
                </Word>
                <Word id="r_11_tl_16_w4" custom="readingOrder {index:3;}">
                    <Coords points="1552,1109 1552,1169 1655,1169 1655,1109"/>
                    <TextEquiv>
                        <Unicode>seinen</Unicode>
                    </TextEquiv>
                </Word>
                <Word id="r_11_tl_16_w5" custom="readingOrder {index:4;}">
                    <Coords points="1694,1110 1694,1170 1813,1170 1813,1110"/>
                    <TextEquiv>
                        <Unicode>Htten</Unicode>
                    </TextEquiv>
                </Word>
                <Word id="r_11_tl_16_w6" custom="readingOrder {index:5;}">
                    <Coords points="1851,1110 1851,1170 1916,1170 1916,1110"/>
                    <TextEquiv>
                        <Unicode>zu;</Unicode>
                    </TextEquiv>
                </Word>
                <TextEquiv>
                    <Unicode>Das Vieh eilt seinen Htten zu;</Unicode>
                </TextEquiv>
            </TextLine>
            <TextLine id="r_11_tl_17" custom="readingOrder {index:16;}">
                <Coords points="1231,1217 2254,1213 2246,1152 1231,1163"/>
                <Baseline points="1238,1203 1271,1200 1316,1200 1361,1200 1406,1200 1450,1200 1495,1200 1540,1200 1585,1200 1630,1203 1674,1203 1719,1203 1764,1203 1809,1203 1854,1203 1898,1200 1943,1200 1988,1200 2033,1197 2077,1197 2122,1197 2167,1197 2212,1197 2257,1200"/>
                <Word id="r_11_tl_17_w1" custom="readingOrder {index:0;}">
                    <Coords points="1232,1160 1232,1220 1305,1220 1305,1160"/>
                    <TextEquiv>
                        <Unicode>Die</Unicode>
                    </TextEquiv>
                </Word>
                <Word id="r_11_tl_17_w2" custom="readingOrder {index:1;}">
                    <Coords points="1334,1160 1334,1220 1498,1220 1498,1160"/>
                    <TextEquiv>
                        <Unicode>Schatten</Unicode>
                    </TextEquiv>
                </Word>
                <Word id="r_11_tl_17_w3" custom="readingOrder {index:2;}">
                    <Coords points="1532,1160 1532,1220 1656,1220 1656,1160"/>
                    <TextEquiv>
                        <Unicode>strecken</Unicode>
                    </TextEquiv>
                </Word>
                <Word id="r_11_tl_17_w4" custom="readingOrder {index:3;}">
                    <Coords points="1690,1163 1690,1223 1775,1223 1775,1163"/>
                    <TextEquiv>
                        <Unicode>sich,</Unicode>
                    </TextEquiv>
                </Word>
                <Word id="r_11_tl_17_w5" custom="readingOrder {index:4;}">
                    <Coords points="1810,1163 1810,1223 1860,1223 1860,1163"/>
                    <TextEquiv>
                        <Unicode>der</Unicode>
                    </TextEquiv>
                </Word>
                <Word id="r_11_tl_17_w6" custom="readingOrder {index:5;}">
                    <Coords points="1895,1160 1895,1220 2002,1220 2002,1160"/>
                    <TextEquiv>
                        <Unicode>Abend</Unicode>
                    </TextEquiv>
                </Word>
                <Word id="r_11_tl_17_w7" custom="readingOrder {index:6;}">
                    <Coords points="2037,1157 2037,1217 2160,1217 2160,1157"/>
                    <TextEquiv>
                        <Unicode>kmmt</Unicode>
                    </TextEquiv>
                </Word>
                <Word id="r_11_tl_17_w8" custom="readingOrder {index:7;}">
                    <Coords points="2189,1157 2189,1217 2239,1217 2239,1157"/>
                    <TextEquiv>
                        <Unicode>eni</Unicode>
                    </TextEquiv>
                </Word>
                <TextEquiv>
                    <Unicode>Die Schatten strecken sich, der Abend kmmt eni</Unicode>
                </TextEquiv>
            </TextLine>
            <TextLine id="r_11_tl_18" custom="readingOrder {index:17;}">
                <Coords points="1778,1272 1794,1274 1800,1268 1815,1268 1833,1274 1870,1257 1889,1257 1896,1264 1913,1261 1913,1222 1898,1226 1868,1213 1852,1216 1845,1209 1789,1226 1778,1222"/>
                <Baseline points="1785,1250 1827,1253 1871,1250 1916,1250"/>
                <Word id="r_11_tl_18_w1" custom="readingOrder {index:0;}">
                    <Coords points="1783,1211 1783,1271 1906,1271 1906,1211"/>
                    <TextEquiv>
                        <Unicode>gegen,</Unicode>
                    </TextEquiv>
                </Word>
                <TextEquiv>
                    <Unicode>gegen,</Unicode>
                </TextEquiv>
            </TextLine>
            <TextLine id="r_11_tl_19" custom="readingOrder {index:18;}">
                <Coords points="1231,1301 1291,1322 1417,1301 1981,1320 1979,1278 1943,1257 1825,1278 1231,1265"/>
                <Baseline points="1238,1298 1283,1298 1328,1301 1373,1301 1418,1301 1462,1301 1507,1298 1552,1298 1597,1298 1642,1301 1686,1298 1731,1298 1776,1301 1821,1301 1865,1298 1910,1301 1955,1304 1982,1301"/>
                <Word id="r_11_tl_19_w1" custom="readingOrder {index:0;}">
                    <Coords points="1237,1258 1237,1318 1282,1318 1282,1258"/>
                    <TextEquiv>
                        <Unicode>Es</Unicode>
                    </TextEquiv>
                </Word>
                <Word id="r_11_tl_19_w2" custom="readingOrder {index:1;}">
                    <Coords points="1317,1261 1317,1321 1395,1321 1395,1261"/>
                    <TextEquiv>
                        <Unicode>geht</Unicode>
                    </TextEquiv>
                </Word>
                <Word id="r_11_tl_19_w3" custom="readingOrder {index:2;}">
                    <Coords points="1419,1259 1419,1319 1537,1319 1537,1259"/>
                    <TextEquiv>
                        <Unicode>Natur</Unicode>
                    </TextEquiv>
                </Word>
                <Word id="r_11_tl_19_w4" custom="readingOrder {index:3;}">
                    <Coords points="1566,1258 1566,1318 1627,1318 1627,1258"/>
                    <TextEquiv>
                        <Unicode>und</Unicode>
                    </TextEquiv>
                </Word>
                <Word id="r_11_tl_19_w5" custom="readingOrder {index:4;}">
                    <Coords points="1662,1258 1662,1318 1758,1318 1758,1258"/>
                    <TextEquiv>
                        <Unicode>Welt</Unicode>
                    </TextEquiv>
                </Word>
                <Word id="r_11_tl_19_w6" custom="readingOrder {index:5;}">
                    <Coords points="1781,1261 1781,1321 1837,1321 1837,1261"/>
                    <TextEquiv>
                        <Unicode>zur</Unicode>
                    </TextEquiv>
                </Word>
                <Word id="r_11_tl_19_w7" custom="readingOrder {index:6;}">
                    <Coords points="1866,1261 1866,1321 1967,1321 1967,1261"/>
                    <TextEquiv>
                        <Unicode>Ruh.</Unicode>
                    </TextEquiv>
                </Word>
                <TextEquiv>
                    <Unicode>Es geht Natur und Welt zur Ruh.</Unicode>
                </TextEquiv>
            </TextLine>
            <TextLine id="r_11_tl_20" custom="readingOrder {index:19;}">
                <Coords points="1231,1373 1378,1357 1422,1377 1475,1352 1907,1371 1907,1326 1817,1308 1231,1312"/>
                <Baseline points="1238,1343 1283,1349 1328,1352 1373,1352 1418,1349 1462,1349 1507,1349 1552,1349 1597,1349 1642,1349 1686,1346 1731,1349 1776,1352 1821,1352 1865,1349 1910,1349"/>
                <Word id="r_11_tl_20_w1" custom="readingOrder {index:0;}">
                    <Coords points="1237,1309 1237,1369 1339,1369 1339,1309"/>
                    <TextEquiv>
                        <Unicode>Wenn</Unicode>
                    </TextEquiv>
                </Word>
                <Word id="r_11_tl_20_w2" custom="readingOrder {index:1;}">
                    <Coords points="1378,1309 1378,1369 1453,1369 1453,1309"/>
                    <TextEquiv>
                        <Unicode>aber</Unicode>
                    </TextEquiv>
                </Word>
                <Word id="r_11_tl_20_w3" custom="readingOrder {index:2;}">
                    <Coords points="1486,1309 1486,1369 1562,1369 1562,1309"/>
                    <TextEquiv>
                        <Unicode>alles</Unicode>
                    </TextEquiv>
                </Word>
                <Word id="r_11_tl_20_w4" custom="readingOrder {index:3;}">
                    <Coords points="1595,1309 1595,1369 1644,1369 1644,1309"/>
                    <TextEquiv>
                        <Unicode>sich</Unicode>
                    </TextEquiv>
                </Word>
                <Word id="r_11_tl_20_w5" custom="readingOrder {index:4;}">
                    <Coords points="1682,1308 1682,1368 1763,1368 1763,1308"/>
                    <TextEquiv>
                        <Unicode>wird</Unicode>
                    </TextEquiv>
                </Word>
                <Word id="r_11_tl_20_w6" custom="readingOrder {index:5;}">
                    <Coords points="1791,1310 1791,1370 1904,1370 1904,1310"/>
                    <TextEquiv>
                        <Unicode>legen,</Unicode>
                    </TextEquiv>
                </Word>
                <TextEquiv>
                    <Unicode>Wenn aber alles sich wird legen,</Unicode>
                </TextEquiv>
            </TextLine>
            <TextLine id="r_11_tl_21" custom="readingOrder {index:20;}">
                <Coords points="1231,1409 1930,1418 1930,1369 1886,1361 1231,1373"/>
                <Baseline points="1238,1391 1283,1400 1328,1403 1373,1400 1418,1400 1462,1397 1507,1400 1552,1400 1597,1400 1642,1400 1686,1400 1731,1400 1776,1400 1821,1400 1865,1400 1910,1400 1934,1397"/>
                <Word id="r_11_tl_21_w1" custom="readingOrder {index:0;}">
                    <Coords points="1232,1360 1232,1420 1337,1420 1337,1360"/>
                    <TextEquiv>
                        <Unicode>Wirst</Unicode>
                    </TextEquiv>
                </Word>
                <Word id="r_11_tl_21_w2" custom="readingOrder {index:1;}">
                    <Coords points="1365,1360 1365,1420 1398,1420 1398,1360"/>
                    <TextEquiv>
                        <Unicode>du</Unicode>
                    </TextEquiv>
                </Word>
                <Word id="r_11_tl_21_w3" custom="readingOrder {index:2;}">
                    <Coords points="1438,1360 1438,1420 1682,1420 1682,1360"/>
                    <TextEquiv>
                        <Unicode>Myrtillo,</Unicode>
                    </TextEquiv>
                </Word>
                <Word id="r_11_tl_21_w4" custom="readingOrder {index:3;}">
                    <Coords points="1705,1360 1705,1420 1772,1420 1772,1360"/>
                    <TextEquiv>
                        <Unicode>doch</Unicode>
                    </TextEquiv>
                </Word>
                <Word id="r_11_tl_21_w5" custom="readingOrder {index:4;}">
                    <Coords points="1811,1360 1811,1420 1900,1420 1900,1360"/>
                    <TextEquiv>
                        <Unicode>allein</Unicode>
                    </TextEquiv>
                </Word>
                <TextEquiv>
                    <Unicode>Wirst du Myrtillo, doch allein</Unicode>
                </TextEquiv>
            </TextLine>
            <TextLine id="r_11_tl_22" custom="readingOrder {index:21;}">
                <Coords points="1234,1484 1926,1465 1926,1414 1509,1425 1366,1403 1317,1435 1234,1410"/>
                <Baseline points="1241,1436 1277,1456 1322,1453 1367,1453 1412,1453 1456,1453 1501,1450 1546,1450 1591,1450 1636,1450 1680,1450 1725,1450 1770,1450 1815,1450 1859,1453 1904,1450 1928,1450"/>
                <Word id="r_11_tl_22_w1" custom="readingOrder {index:0;}">
                    <Coords points="1236,1406 1236,1466 1283,1466 1283,1406"/>
                    <TextEquiv>
                        <Unicode>Jn</Unicode>
                    </TextEquiv>
                </Word>
                <Word id="r_11_tl_22_w2" custom="readingOrder {index:1;}">
                    <Coords points="1320,1413 1320,1473 1417,1473 1417,1413"/>
                    <TextEquiv>
                        <Unicode>dieser</Unicode>
                    </TextEquiv>
                </Word>
                <Word id="r_11_tl_22_w3" custom="readingOrder {index:2;}">
                    <Coords points="1448,1410 1448,1470 1563,1470 1563,1410"/>
                    <TextEquiv>
                        <Unicode>Nacht</Unicode>
                    </TextEquiv>
                </Word>
                <Word id="r_11_tl_22_w4" custom="readingOrder {index:3;}">
                    <Coords points="1589,1410 1589,1470 1673,1470 1673,1410"/>
                    <TextEquiv>
                        <Unicode>nicht</Unicode>
                    </TextEquiv>
                </Word>
                <Word id="r_11_tl_22_w5" custom="readingOrder {index:4;}">
                    <Coords points="1698,1410 1698,1470 1795,1470 1795,1410"/>
                    <TextEquiv>
                        <Unicode>ruhig</Unicode>
                    </TextEquiv>
                </Word>
                <Word id="r_11_tl_22_w6" custom="readingOrder {index:5;}">
                    <Coords points="1832,1411 1832,1471 1922,1471 1922,1411"/>
                    <TextEquiv>
                        <Unicode>seyn.</Unicode>
                    </TextEquiv>
                </Word>
                <TextEquiv>
                    <Unicode>Jn dieser Nacht nicht ruhig seyn.</Unicode>
                </TextEquiv>
            </TextLine>
            <TextLine id="r_11_tl_23" custom="readingOrder {index:22;}">
                <Coords points="1378,1545 1436,1575 1489,1550 1690,1576 1738,1557 1953,1568 1953,1504 1913,1497 1695,1513 1563,1492 1510,1509 1483,1489 1428,1518 1378,1509"/>
                <Baseline points="1385,1549 1430,1549 1474,1546 1519,1549 1564,1549 1609,1549 1653,1546 1698,1549 1743,1549 1788,1546 1833,1546 1877,1549 1922,1546 1955,1552"/>
                <Word id="r_11_tl_23_w1" custom="readingOrder {index:0;}">
                    <Coords points="1385,1509 1385,1569 1458,1569 1458,1509"/>
                    <TextEquiv>
                        <Unicode>Quo</Unicode>
                    </TextEquiv>
                </Word>
                <Word id="r_11_tl_23_w2" custom="readingOrder {index:1;}">
                    <Coords points="1493,1508 1493,1568 1544,1568 1544,1508"/>
                    <TextEquiv>
                        <Unicode>me</Unicode>
                    </TextEquiv>
                </Word>
                <Word id="r_11_tl_23_w3" custom="readingOrder {index:2;}">
                    <Coords points="1579,1507 1579,1567 1784,1567 1784,1507"/>
                    <TextEquiv>
                        <Unicode>persequitur</Unicode>
                    </TextEquiv>
                </Word>
                <Word id="r_11_tl_23_w4" custom="readingOrder {index:3;}">
                    <Coords points="1814,1507 1814,1567 1910,1567 1910,1507"/>
                    <TextEquiv>
                        <Unicode>dolor</Unicode>
                    </TextEquiv>
                </Word>
                <Word id="r_11_tl_23_w5" custom="readingOrder {index:4;}">
                    <Coords points="1928,1508 1928,1568 1945,1568 1945,1508"/>
                    <TextEquiv>
                        <Unicode>?</Unicode>
                    </TextEquiv>
                </Word>
                <TextEquiv>
                    <Unicode>Quo me persequitur dolor ?</Unicode>
                </TextEquiv>
            </TextLine>
            <TextLine id="r_11_tl_24" custom="readingOrder {index:23;}">
                <Coords points="1330,1616 1742,1601 1870,1616 1870,1563 1797,1575 1724,1558 1690,1575 1638,1557 1553,1575 1488,1550 1435,1575 1330,1546"/>
                <Baseline points="1337,1597 1382,1597 1427,1597 1471,1597 1516,1597 1561,1597 1606,1597 1650,1594 1695,1597 1740,1597 1785,1597 1830,1597 1874,1600"/>
                <Word id="r_11_tl_24_w1" custom="readingOrder {index:0;}">
                    <Coords points="1335,1557 1335,1617 1389,1617 1389,1557"/>
                    <TextEquiv>
                        <Unicode>Iam</Unicode>
                    </TextEquiv>
                </Word>
                <Word id="r_11_tl_24_w2" custom="readingOrder {index:1;}">
                    <Coords points="1435,1557 1435,1617 1536,1617 1536,1557"/>
                    <TextEquiv>
                        <Unicode>fessus</Unicode>
                    </TextEquiv>
                </Word>
                <Word id="r_11_tl_24_w3" custom="readingOrder {index:2;}">
                    <Coords points="1566,1556 1566,1616 1651,1616 1651,1556"/>
                    <TextEquiv>
                        <Unicode>redit</Unicode>
                    </TextEquiv>
                </Word>
                <Word id="r_11_tl_24_w4" custom="readingOrder {index:3;}">
                    <Coords points="1682,1557 1682,1617 1712,1617 1712,1557"/>
                    <TextEquiv>
                        <Unicode>ad</Unicode>
                    </TextEquiv>
                </Word>
                <Word id="r_11_tl_24_w5" custom="readingOrder {index:4;}">
                    <Coords points="1748,1557 1748,1617 1833,1617 1833,1557"/>
                    <TextEquiv>
                        <Unicode>larem</Unicode>
                    </TextEquiv>
                </Word>
                <TextEquiv>
                    <Unicode>Iam fessus redit ad larem</Unicode>
                </TextEquiv>
            </TextLine>
            <TextLine id="r_11_tl_25" custom="readingOrder {index:24;}">
                <Coords points="1330,1659 1456,1651 1594,1675 1624,1658 1778,1654 1777,1615 1733,1622 1698,1606 1658,1620 1558,1603 1519,1622 1492,1606 1329,1614"/>
                <Baseline points="1337,1642 1382,1645 1427,1645 1471,1645 1516,1645 1561,1642 1606,1642 1650,1645 1695,1645 1740,1645 1782,1648"/>
                <Word id="r_11_tl_25_w1" custom="readingOrder {index:0;}">
                    <Coords points="1333,1605 1333,1665 1434,1665 1434,1605"/>
                    <TextEquiv>
                        <Unicode>Verso</Unicode>
                    </TextEquiv>
                </Word>
                <Word id="r_11_tl_25_w2" custom="readingOrder {index:1;}">
                    <Coords points="1468,1603 1468,1663 1598,1663 1598,1603"/>
                    <TextEquiv>
                        <Unicode>fomere</Unicode>
                    </TextEquiv>
                </Word>
                <Word id="r_11_tl_25_w3" custom="readingOrder {index:2;}">
                    <Coords points="1633,1605 1633,1665 1768,1665 1768,1605"/>
                    <TextEquiv>
                        <Unicode>rusticus</Unicode>
                    </TextEquiv>
                </Word>
                <TextEquiv>
                    <Unicode>Verso fomere rusticus</Unicode>
                </TextEquiv>
            </TextLine>
            <TextLine id="r_11_tl_26" custom="readingOrder {index:25;}">
                <Coords points="1330,1705 1828,1707 1828,1659 1810,1657 1695,1673 1655,1655 1605,1673 1330,1659"/>
                <Baseline points="1337,1695 1382,1695 1427,1692 1471,1689 1516,1689 1561,1689 1606,1689 1650,1692 1695,1692 1740,1692 1785,1692 1830,1689"/>
                <Word id="r_11_tl_26_w1" custom="readingOrder {index:0;}">
                    <Coords points="1333,1655 1333,1715 1390,1715 1390,1655"/>
                    <TextEquiv>
                        <Unicode>Iam</Unicode>
                    </TextEquiv>
                </Word>
                <Word id="r_11_tl_26_w2" custom="readingOrder {index:1;}">
                    <Coords points="1440,1649 1440,1709 1502,1709 1502,1649"/>
                    <TextEquiv>
                        <Unicode>bos</Unicode>
                    </TextEquiv>
                </Word>
                <Word id="r_11_tl_26_w3" custom="readingOrder {index:2;}">
                    <Coords points="1525,1649 1525,1709 1685,1709 1685,1649"/>
                    <TextEquiv>
                        <Unicode>emeritus</Unicode>
                    </TextEquiv>
                </Word>
                <Word id="r_11_tl_26_w4" custom="readingOrder {index:3;}">
                    <Coords points="1717,1652 1717,1712 1814,1712 1814,1652"/>
                    <TextEquiv>
                        <Unicode>graue</Unicode>
                    </TextEquiv>
                </Word>
                <TextEquiv>
                    <Unicode>Iam bos emeritus graue</Unicode>
                </TextEquiv>
            </TextLine>
            <TextLine id="r_11_tl_27" custom="readingOrder {index:26;}">
                <Coords points="1330,1738 1438,1756 1460,1736 1522,1758 1566,1743 1714,1763 1785,1750 1785,1703 1724,1716 1675,1699 1645,1715 1576,1702 1531,1719 1509,1701 1434,1718 1417,1703 1330,1705"/>
                <Baseline points="1337,1737 1382,1737 1427,1734 1471,1734 1516,1737 1561,1734 1606,1731 1650,1734 1695,1734 1740,1737 1785,1737 1788,1737"/>
                <Word id="r_11_tl_27_w1" custom="readingOrder {index:0;}">
                    <Coords points="1334,1696 1334,1756 1431,1756 1431,1696"/>
                    <TextEquiv>
                        <Unicode>Collo</Unicode>
                    </TextEquiv>
                </Word>
                <Word id="r_11_tl_27_w2" custom="readingOrder {index:1;}">
                    <Coords points="1470,1694 1470,1754 1624,1754 1624,1694"/>
                    <TextEquiv>
                        <Unicode>deposuit</Unicode>
                    </TextEquiv>
                </Word>
                <Word id="r_11_tl_27_w3" custom="readingOrder {index:2;}">
                    <Coords points="1653,1694 1653,1754 1747,1754 1747,1694"/>
                    <TextEquiv>
                        <Unicode>iugum</Unicode>
                    </TextEquiv>
                </Word>
                <TextEquiv>
                    <Unicode>Collo deposuit iugum</Unicode>
                </TextEquiv>
            </TextLine>
            <TextLine id="r_11_tl_28" custom="readingOrder {index:27;}">
                <Coords points="1327,1786 1839,1797 1839,1751 1712,1764 1563,1743 1397,1762 1327,1740"/>
                <Baseline points="1334,1779 1379,1779 1424,1779 1468,1779 1513,1779 1558,1779 1603,1779 1648,1779 1692,1779 1737,1782 1782,1782 1827,1782 1842,1782"/>
                <Word id="r_11_tl_28_w1" custom="readingOrder {index:0;}">
                    <Coords points="1330,1739 1330,1799 1517,1799 1517,1739"/>
                    <TextEquiv>
                        <Unicode>Succedunt</Unicode>
                    </TextEquiv>
                </Word>
                <Word id="r_11_tl_28_w2" custom="readingOrder {index:1;}">
                    <Coords points="1548,1739 1548,1799 1682,1799 1682,1739"/>
                    <TextEquiv>
                        <Unicode>stabulis</Unicode>
                    </TextEquiv>
                </Word>
                <Word id="r_11_tl_28_w3" custom="readingOrder {index:2;}">
                    <Coords points="1713,1742 1713,1802 1826,1802 1826,1742"/>
                    <TextEquiv>
                        <Unicode>greges</Unicode>
                    </TextEquiv>
                </Word>
                <TextEquiv>
                    <Unicode>Succedunt stabulis greges</Unicode>
                </TextEquiv>
            </TextLine>
            <TextLine id="r_11_tl_29" custom="readingOrder {index:28;}">
                <Coords points="1346,1842 1869,1854 1868,1798 1344,1793"/>
                <Baseline points="1352,1827 1397,1827 1442,1827 1486,1824 1531,1827 1576,1824 1621,1827 1665,1830 1710,1833 1755,1833 1800,1833 1845,1830 1871,1833"/>
                <Word id="r_11_tl_29_w1" custom="readingOrder {index:0;}">
                    <Coords points="1343,1787 1343,1847 1481,1847 1481,1787"/>
                    <TextEquiv>
                        <Unicode>Vmbras</Unicode>
                    </TextEquiv>
                </Word>
                <Word id="r_11_tl_29_w2" custom="readingOrder {index:1;}">
                    <Coords points="1511,1786 1511,1846 1561,1846 1561,1786"/>
                    <TextEquiv>
                        <Unicode>sol</Unicode>
                    </TextEquiv>
                </Word>
                <Word id="r_11_tl_29_w3" custom="readingOrder {index:2;}">
                    <Coords points="1591,1787 1591,1847 1669,1847 1669,1787"/>
                    <TextEquiv>
                        <Unicode>iacit</Unicode>
                    </TextEquiv>
                </Word>
                <Word id="r_11_tl_29_w4" custom="readingOrder {index:3;}">
                    <Coords points="1700,1793 1700,1853 1848,1853 1848,1793"/>
                    <TextEquiv>
                        <Unicode>occidens</Unicode>
                    </TextEquiv>
                </Word>
                <TextEquiv>
                    <Unicode>Vmbras sol iacit occidens</Unicode>
                </TextEquiv>
            </TextLine>
            <TextLine id="r_11_tl_30" custom="readingOrder {index:29;}">
                <Coords points="1333,1895 1519,1880 1710,1900 1734,1883 1817,1882 1817,1851 1762,1841 1733,1854 1688,1837 1649,1852 1543,1843 1521,1859 1467,1834 1333,1843"/>
                <Baseline points="1340,1877 1385,1874 1430,1874 1474,1877 1519,1874 1564,1874 1609,1877 1653,1877 1698,1877 1743,1877 1788,1880 1821,1880"/>
                <Word id="r_11_tl_30_w1" custom="readingOrder {index:0;}">
                    <Coords points="1338,1835 1338,1895 1378,1895 1378,1835"/>
                    <TextEquiv>
                        <Unicode>Et</Unicode>
                    </TextEquiv>
                </Word>
                <Word id="r_11_tl_30_w2" custom="readingOrder {index:1;}">
                    <Coords points="1405,1835 1405,1895 1501,1895 1501,1835"/>
                    <TextEquiv>
                        <Unicode>tellus</Unicode>
                    </TextEquiv>
                </Word>
                <Word id="r_11_tl_30_w3" custom="readingOrder {index:2;}">
                    <Coords points="1533,1835 1533,1895 1625,1895 1625,1835"/>
                    <TextEquiv>
                        <Unicode>vacat</Unicode>
                    </TextEquiv>
                </Word>
                <Word id="r_11_tl_30_w4" custom="readingOrder {index:3;}">
                    <Coords points="1657,1837 1657,1897 1682,1897 1682,1837"/>
                    <TextEquiv>
                        <Unicode>et</Unicode>
                    </TextEquiv>
                </Word>
                <Word id="r_11_tl_30_w5" custom="readingOrder {index:4;}">
                    <Coords points="1713,1838 1713,1898 1810,1898 1810,1838"/>
                    <TextEquiv>
                        <Unicode>polus</Unicode>
                    </TextEquiv>
                </Word>
                <TextEquiv>
                    <Unicode>Et tellus vacat et polus</Unicode>
                </TextEquiv>
            </TextLine>
            <TextLine id="r_11_tl_31" custom="readingOrder {index:30;}">
                <Coords points="1327,1934 1430,1948 1562,1933 1620,1951 1706,1929 1819,1950 1819,1883 1708,1900 1651,1885 1327,1895"/>
                <Baseline points="1334,1925 1379,1925 1424,1928 1468,1925 1513,1925 1558,1925 1603,1925 1648,1925 1692,1928 1737,1931 1782,1931 1821,1931"/>
                <Word id="r_11_tl_31_w1" custom="readingOrder {index:0;}">
                    <Coords points="1333,1885 1333,1945 1385,1945 1385,1885"/>
                    <TextEquiv>
                        <Unicode>Me</Unicode>
                    </TextEquiv>
                </Word>
                <Word id="r_11_tl_31_w2" custom="readingOrder {index:1;}">
                    <Coords points="1423,1885 1423,1945 1508,1945 1508,1885"/>
                    <TextEquiv>
                        <Unicode>solum</Unicode>
                    </TextEquiv>
                </Word>
                <Word id="r_11_tl_31_w3" custom="readingOrder {index:2;}">
                    <Coords points="1562,1885 1562,1945 1689,1945 1689,1885"/>
                    <TextEquiv>
                        <Unicode>requies</Unicode>
                    </TextEquiv>
                </Word>
                <Word id="r_11_tl_31_w4" custom="readingOrder {index:3;}">
                    <Coords points="1717,1891 1717,1951 1807,1951 1807,1891"/>
                    <TextEquiv>
                        <Unicode>fugit</Unicode>
                    </TextEquiv>
                </Word>
                <TextEquiv>
                    <Unicode>Me solum requies fugit</Unicode>
                </TextEquiv>
            </TextLine>
            <TextLine id="r_11_tl_32" custom="readingOrder {index:31;}">
                <Coords points="1323,1981 1479,1988 1518,2009 1789,1996 1789,1944 1653,1953 1487,1934 1423,1951 1405,1934 1323,1934"/>
                <Baseline points="1331,1973 1376,1976 1421,1976 1465,1976 1510,1976 1555,1976 1600,1976 1645,1976 1689,1976 1734,1976 1779,1979 1791,1979"/>
                <Word id="r_11_tl_32_w1" custom="readingOrder {index:0;}">
                    <Coords points="1328,1936 1328,1996 1444,1996 1444,1936"/>
                    <TextEquiv>
                        <Unicode>Eheu!</Unicode>
                    </TextEquiv>
                </Word>
                <Word id="r_11_tl_32_w2" custom="readingOrder {index:1;}">
                    <Coords points="1471,1936 1471,1996 1528,1996 1528,1936"/>
                    <TextEquiv>
                        <Unicode>nec</Unicode>
                    </TextEquiv>
                </Word>
                <Word id="r_11_tl_32_w3" custom="readingOrder {index:2;}">
                    <Coords points="1561,1936 1561,1996 1655,1996 1655,1936"/>
                    <TextEquiv>
                        <Unicode>fruor</Unicode>
                    </TextEquiv>
                </Word>
                <Word id="r_11_tl_32_w4" custom="readingOrder {index:3;}">
                    <Coords points="1682,1936 1682,1996 1782,1996 1782,1936"/>
                    <TextEquiv>
                        <Unicode>otio!</Unicode>
                    </TextEquiv>
                </Word>
                <TextEquiv>
                    <Unicode>Eheu! nec fruor otio!</Unicode>
                </TextEquiv>
            </TextLine>
            <TextLine id="r_11_tl_33" custom="readingOrder {index:32;}">
                <Coords points="1288,2070 2266,2068 2248,2003 1288,2014"/>
                <Baseline points="1295,2051 1340,2048 1385,2051 1430,2051 1474,2054 1519,2051 1564,2054 1609,2051 1653,2051 1698,2051 1743,2054 1788,2054 1833,2054 1877,2054 1922,2054 1967,2054 2012,2051 2057,2054 2101,2054 2146,2057 2191,2054 2236,2054 2269,2057"/>
                <Word id="r_11_tl_33_w1" custom="readingOrder {index:0;}">
                    <Coords points="1289,2008 1289,2068 1369,2068 1369,2008"/>
                    <TextEquiv>
                        <Unicode>Wir</Unicode>
                    </TextEquiv>
                </Word>
                <Word id="r_11_tl_33_w2" custom="readingOrder {index:1;}">
                    <Coords points="1399,2012 1399,2072 1497,2072 1497,2012"/>
                    <TextEquiv>
                        <Unicode>hoffen</Unicode>
                    </TextEquiv>
                </Word>
                <Word id="r_11_tl_33_w3" custom="readingOrder {index:2;}">
                    <Coords points="1532,2012 1532,2072 1642,2072 1642,2012"/>
                    <TextEquiv>
                        <Unicode>unsern</Unicode>
                    </TextEquiv>
                </Word>
                <Word id="r_11_tl_33_w4" custom="readingOrder {index:3;}">
                    <Coords points="1672,2012 1672,2072 1775,2072 1775,2012"/>
                    <TextEquiv>
                        <Unicode>Lesern</Unicode>
                    </TextEquiv>
                </Word>
                <Word id="r_11_tl_33_w5" custom="readingOrder {index:4;}">
                    <Coords points="1811,2014 1811,2074 1856,2074 1856,2014"/>
                    <TextEquiv>
                        <Unicode>ein</Unicode>
                    </TextEquiv>
                </Word>
                <Word id="r_11_tl_33_w6" custom="readingOrder {index:5;}">
                    <Coords points="1892,2014 1892,2074 2025,2074 2025,2014"/>
                    <TextEquiv>
                        <Unicode>wahres</Unicode>
                    </TextEquiv>
                </Word>
                <Word id="r_11_tl_33_w7" custom="readingOrder {index:6;}">
                    <Coords points="2055,2016 2055,2076 2251,2076 2251,2016"/>
                    <TextEquiv>
                        <Unicode>Vergngen</Unicode>
                    </TextEquiv>
                </Word>
                <TextEquiv>
                    <Unicode>Wir hoffen unsern Lesern ein wahres Vergngen</Unicode>
                </TextEquiv>
            </TextLine>
            <TextLine id="r_11_tl_34" custom="readingOrder {index:33;}">
                <Coords points="1241,2115 2263,2113 2227,2062 1241,2057"/>
                <Baseline points="1247,2107 1280,2104 1325,2104 1370,2104 1415,2101 1459,2101 1504,2101 1549,2101 1594,2101 1639,2101 1683,2101 1728,2101 1773,2104 1818,2104 1862,2104 1907,2104 1952,2104 1997,2104 2042,2104 2086,2104 2131,2104 2176,2104 2221,2104 2266,2104"/>
                <Word id="r_11_tl_34_w1" custom="readingOrder {index:0;}">
                    <Coords points="1241,2066 1241,2126 1272,2126 1272,2066"/>
                    <TextEquiv>
                        <Unicode>zu</Unicode>
                    </TextEquiv>
                </Word>
                <Word id="r_11_tl_34_w2" custom="readingOrder {index:1;}">
                    <Coords points="1305,2062 1305,2122 1473,2122 1473,2062"/>
                    <TextEquiv>
                        <Unicode>erzeigen,</Unicode>
                    </TextEquiv>
                </Word>
                <Word id="r_11_tl_34_w3" custom="readingOrder {index:2;}">
                    <Coords points="1500,2061 1500,2121 1558,2121 1558,2061"/>
                    <TextEquiv>
                        <Unicode>und</Unicode>
                    </TextEquiv>
                </Word>
                <Word id="r_11_tl_34_w4" custom="readingOrder {index:3;}">
                    <Coords points="1590,2061 1590,2121 1690,2121 1690,2061"/>
                    <TextEquiv>
                        <Unicode>dabey</Unicode>
                    </TextEquiv>
                </Word>
                <Word id="r_11_tl_34_w5" custom="readingOrder {index:4;}">
                    <Coords points="1722,2062 1722,2122 1769,2122 1769,2062"/>
                    <TextEquiv>
                        <Unicode>die</Unicode>
                    </TextEquiv>
                </Word>
                <Word id="r_11_tl_34_w6" custom="readingOrder {index:5;}">
                    <Coords points="1796,2064 1796,2124 1954,2124 1954,2064"/>
                    <TextEquiv>
                        <Unicode>Pflichten</Unicode>
                    </TextEquiv>
                </Word>
                <Word id="r_11_tl_34_w7" custom="readingOrder {index:6;}">
                    <Coords points="1987,2064 1987,2124 2076,2124 2076,2064"/>
                    <TextEquiv>
                        <Unicode>eines</Unicode>
                    </TextEquiv>
                </Word>
                <Word id="r_11_tl_34_w8" custom="readingOrder {index:7;}">
                    <Coords points="2109,2064 2109,2124 2261,2124 2261,2064"/>
                    <TextEquiv>
                        <Unicode>patrioti</Unicode>
                    </TextEquiv>
                </Word>
                <TextEquiv>
                    <Unicode>zu erzeigen, und dabey die Pflichten eines patrioti</Unicode>
                </TextEquiv>
            </TextLine>
            <TextLine id="r_11_tl_35" custom="readingOrder {index:34;}">
                <Coords points="1250,2167 2184,2178 2266,2170 2265,2121 1248,2119"/>
                <Baseline points="1256,2152 1301,2152 1346,2152 1391,2152 1436,2149 1480,2152 1525,2149 1570,2149 1615,2149 1659,2152 1704,2152 1749,2152 1794,2152 1839,2152 1883,2155 1928,2152 1973,2152 2018,2152 2063,2152 2107,2155 2152,2155 2197,2155 2242,2155 2269,2158"/>
                <Word id="r_11_tl_35_w1" custom="readingOrder {index:0;}">
                    <Coords points="1243,2112 1243,2172 1316,2172 1316,2112"/>
                    <TextEquiv>
                        <Unicode>schen</Unicode>
                    </TextEquiv>
                </Word>
                <Word id="r_11_tl_35_w2" custom="readingOrder {index:1;}">
                    <Coords points="1349,2109 1349,2169 1497,2169 1497,2109"/>
                    <TextEquiv>
                        <Unicode>Herzens</Unicode>
                    </TextEquiv>
                </Word>
                <Word id="r_11_tl_35_w3" custom="readingOrder {index:2;}">
                    <Coords points="1525,2109 1525,2169 1551,2169 1551,2109"/>
                    <TextEquiv>
                        <Unicode>zu</Unicode>
                    </TextEquiv>
                </Word>
                <Word id="r_11_tl_35_w4" custom="readingOrder {index:3;}">
                    <Coords points="1583,2112 1583,2172 1801,2172 1801,2112"/>
                    <TextEquiv>
                        <Unicode>beobachten,</Unicode>
                    </TextEquiv>
                </Word>
                <Word id="r_11_tl_35_w5" custom="readingOrder {index:4;}">
                    <Coords points="1828,2114 1828,2174 1913,2174 1913,2114"/>
                    <TextEquiv>
                        <Unicode>wenn</Unicode>
                    </TextEquiv>
                </Word>
                <Word id="r_11_tl_35_w6" custom="readingOrder {index:5;}">
                    <Coords points="1945,2112 1945,2172 2003,2172 2003,2112"/>
                    <TextEquiv>
                        <Unicode>wir</Unicode>
                    </TextEquiv>
                </Word>
                <Word id="r_11_tl_35_w7" custom="readingOrder {index:6;}">
                    <Coords points="2025,2112 2025,2172 2094,2172 2094,2112"/>
                    <TextEquiv>
                        <Unicode>hier</Unicode>
                    </TextEquiv>
                </Word>
                <Word id="r_11_tl_35_w8" custom="readingOrder {index:7;}">
                    <Coords points="2116,2115 2116,2175 2248,2175 2248,2115"/>
                    <TextEquiv>
                        <Unicode>zugleich</Unicode>
                    </TextEquiv>
                </Word>
                <TextEquiv>
                    <Unicode>schen Herzens zu beobachten, wenn wir hier zugleich</Unicode>
                </TextEquiv>
            </TextLine>
            <TextLine id="r_11_tl_36" custom="readingOrder {index:35;}">
                <Coords points="1248,2211 2259,2219 2259,2169 1248,2167"/>
                <Baseline points="1256,2200 1301,2200 1346,2200 1391,2203 1436,2200 1480,2197 1525,2197 1570,2200 1615,2200 1659,2200 1704,2200 1749,2203 1794,2203 1839,2200 1883,2203 1928,2203 1973,2203 2018,2203 2063,2203 2107,2206 2152,2203 2197,2203 2242,2203 2263,2203"/>
                <Word id="r_11_tl_36_w1" custom="readingOrder {index:0;}">
                    <Coords points="1243,2160 1243,2220 1292,2220 1292,2160"/>
                    <TextEquiv>
                        <Unicode>den</Unicode>
                    </TextEquiv>
                </Word>
                <Word id="r_11_tl_36_w2" custom="readingOrder {index:1;}">
                    <Coords points="1333,2162 1333,2222 1444,2222 1444,2162"/>
                    <TextEquiv>
                        <Unicode>kurzen</Unicode>
                    </TextEquiv>
                </Word>
                <Word id="r_11_tl_36_w3" custom="readingOrder {index:2;}">
                    <Coords points="1480,2160 1480,2220 1681,2220 1681,2160"/>
                    <TextEquiv>
                        <Unicode>Lebenslauf</Unicode>
                    </TextEquiv>
                </Word>
                <Word id="r_11_tl_36_w4" custom="readingOrder {index:3;}">
                    <Coords points="1717,2163 1717,2223 1828,2223 1828,2163"/>
                    <TextEquiv>
                        <Unicode>unsers</Unicode>
                    </TextEquiv>
                </Word>
                <Word id="r_11_tl_36_w5" custom="readingOrder {index:4;}">
                    <Coords points="1869,2163 1869,2223 1939,2223 1939,2163"/>
                    <TextEquiv>
                        <Unicode>noch</Unicode>
                    </TextEquiv>
                </Word>
                <Word id="r_11_tl_36_w6" custom="readingOrder {index:5;}">
                    <Coords points="1975,2165 1975,2225 2247,2225 2247,2165"/>
                    <TextEquiv>
                        <Unicode>unvermoderten</Unicode>
                    </TextEquiv>
                </Word>
                <TextEquiv>
                    <Unicode>den kurzen Lebenslauf unsers noch unvermoderten</Unicode>
                </TextEquiv>
            </TextLine>
            <TextLine id="r_11_tl_37" custom="readingOrder {index:36;}">
                <Coords points="1246,2268 2259,2261 2259,2219 1729,2209 1677,2240 1535,2202 1432,2232 1246,2209"/>
                <Baseline points="1253,2248 1298,2251 1343,2251 1388,2251 1433,2248 1477,2251 1522,2248 1567,2248 1612,2251 1656,2251 1695,2254 1710,2251 1755,2251 1800,2251 1845,2251 1848,2251 1868,2248 1913,2251 1958,2251 2003,2251 2048,2251 2092,2251 2137,2251 2182,2251 2227,2254 2263,2251"/>
                <Word id="r_11_tl_37_w1" custom="readingOrder {index:0;}">
                    <Coords points="1246,2211 1246,2271 1397,2271 1397,2211"/>
                    <TextEquiv>
                        <Unicode>Dichters</Unicode>
                    </TextEquiv>
                </Word>
                <Word id="r_11_tl_37_w2" custom="readingOrder {index:1;}">
                    <Coords points="1435,2208 1435,2268 1667,2268 1667,2208"/>
                    <TextEquiv>
                        <Unicode>anschlieen,</Unicode>
                    </TextEquiv>
                </Word>
                <Word id="r_11_tl_37_w3" custom="readingOrder {index:2;}">
                    <Coords points="1706,2211 1706,2271 1737,2271 1737,2211"/>
                    <TextEquiv>
                        <Unicode>so</Unicode>
                    </TextEquiv>
                </Word>
                <Word id="r_11_tl_37_w4" custom="readingOrder {index:3;}">
                    <Coords points="1771,2211 1771,2271 1835,2271 1835,2211"/>
                    <TextEquiv>
                        <Unicode>wie</Unicode>
                    </TextEquiv>
                </Word>
                <Word id="r_11_tl_37_w5" custom="readingOrder {index:4;}">
                    <Coords points="1873,2210 1873,2270 1932,2270 1932,2210"/>
                    <TextEquiv>
                        <Unicode>wir</Unicode>
                    </TextEquiv>
                </Word>
                <Word id="r_11_tl_37_w6" custom="readingOrder {index:5;}">
                    <Coords points="1960,2211 1960,2271 2013,2271 2013,2211"/>
                    <TextEquiv>
                        <Unicode>ihn</Unicode>
                    </TextEquiv>
                </Word>
                <Word id="r_11_tl_37_w7" custom="readingOrder {index:6;}">
                    <Coords points="2052,2211 2052,2271 2154,2271 2154,2211"/>
                    <TextEquiv>
                        <Unicode>theils</Unicode>
                    </TextEquiv>
                </Word>
                <Word id="r_11_tl_37_w8" custom="readingOrder {index:7;}">
                    <Coords points="2187,2213 2187,2273 2246,2273 2246,2213"/>
                    <TextEquiv>
                        <Unicode>aus</Unicode>
                    </TextEquiv>
                </Word>
                <TextEquiv>
                    <Unicode>Dichters anschlieen, so wie wir ihn theils aus</Unicode>
                </TextEquiv>
            </TextLine>
            <TextLine id="r_11_tl_38" custom="readingOrder {index:37;}">
                <Coords points="1241,2313 2248,2324 2255,2272 1239,2274"/>
                <Baseline points="1247,2298 1292,2301 1337,2301 1382,2301 1427,2298 1471,2298 1516,2298 1561,2298 1606,2301 1650,2301 1695,2301 1740,2301 1785,2301 1830,2301 1874,2298 1919,2301 1964,2301 2009,2301 2054,2301 2098,2301 2143,2301 2188,2301 2233,2301 2260,2301"/>
                <Word id="r_11_tl_38_w1" custom="readingOrder {index:0;}">
                    <Coords points="1245,2261 1245,2321 1444,2321 1444,2261"/>
                    <TextEquiv>
                        <Unicode>mndlichen</Unicode>
                    </TextEquiv>
                </Word>
                <Word id="r_11_tl_38_w2" custom="readingOrder {index:1;}">
                    <Coords points="1482,2258 1482,2318 1579,2318 1579,2258"/>
                    <TextEquiv>
                        <Unicode>theils</Unicode>
                    </TextEquiv>
                </Word>
                <Word id="r_11_tl_38_w3" custom="readingOrder {index:2;}">
                    <Coords points="1617,2261 1617,2321 1822,2321 1822,2261"/>
                    <TextEquiv>
                        <Unicode>schriftlichen</Unicode>
                    </TextEquiv>
                </Word>
                <Word id="r_11_tl_38_w4" custom="readingOrder {index:3;}">
                    <Coords points="1866,2261 1866,2321 2076,2321 2076,2261"/>
                    <TextEquiv>
                        <Unicode>Nachrichten</Unicode>
                    </TextEquiv>
                </Word>
                <Word id="r_11_tl_38_w5" custom="readingOrder {index:4;}">
                    <Coords points="2125,2261 2125,2321 2249,2321 2249,2261"/>
                    <TextEquiv>
                        <Unicode>einiger</Unicode>
                    </TextEquiv>
                </Word>
                <TextEquiv>
                    <Unicode>mndlichen theils schriftlichen Nachrichten einiger</Unicode>
                </TextEquiv>
            </TextLine>
            <TextLine id="r_11_tl_39" custom="readingOrder {index:38;}">
                <Coords points="1243,2367 2259,2360 2259,2322 2150,2313 1650,2335 1495,2307 1413,2336 1243,2309"/>
                <Baseline points="1250,2346 1295,2349 1340,2349 1385,2349 1430,2346 1474,2349 1519,2349 1564,2349 1609,2349 1653,2349 1698,2352 1743,2352 1788,2352 1833,2349 1877,2352 1922,2352 1967,2349 2012,2352 2057,2358 2101,2352 2146,2352 2191,2349 2236,2352 2263,2352"/>
                <Word id="r_11_tl_39_w1" custom="readingOrder {index:0;}">
                    <Coords points="1244,2309 1244,2369 1376,2369 1376,2309"/>
                    <TextEquiv>
                        <Unicode>hiesigen</Unicode>
                    </TextEquiv>
                </Word>
                <Word id="r_11_tl_39_w2" custom="readingOrder {index:1;}">
                    <Coords points="1426,2309 1426,2369 1608,2369 1608,2309"/>
                    <TextEquiv>
                        <Unicode>Gelehrten</Unicode>
                    </TextEquiv>
                </Word>
                <Word id="r_11_tl_39_w3" custom="readingOrder {index:2;}">
                    <Coords points="1659,2312 1659,2372 1802,2372 1802,2312"/>
                    <TextEquiv>
                        <Unicode>erhalten</Unicode>
                    </TextEquiv>
                </Word>
                <Word id="r_11_tl_39_w4" custom="readingOrder {index:3;}">
                    <Coords points="1853,2312 1853,2372 1979,2372 1979,2312"/>
                    <TextEquiv>
                        <Unicode>haben.</Unicode>
                    </TextEquiv>
                </Word>
                <Word id="r_11_tl_39_w5" custom="readingOrder {index:4;}">
                    <Coords points="2058,2311 2058,2371 2245,2371 2245,2311"/>
                    <TextEquiv>
                        <Unicode>Johann</Unicode>
                    </TextEquiv>
                </Word>
                <TextEquiv>
                    <Unicode>hiesigen Gelehrten erhalten haben. Johann</Unicode>
                </TextEquiv>
            </TextLine>
            <TextLine id="r_11_tl_40" custom="readingOrder {index:39;}">
                <Coords points="1241,2414 2259,2415 2239,2359 1241,2366"/>
                <Baseline points="1247,2397 1292,2400 1337,2400 1382,2400 1427,2400 1471,2400 1516,2400 1561,2400 1606,2397 1650,2400 1695,2400 1740,2403 1785,2403 1830,2400 1874,2403 1919,2400 1964,2394 2009,2397 2054,2400 2098,2397 2143,2400 2188,2400 2233,2400 2263,2403"/>
                <Word id="r_11_tl_40_w1" custom="readingOrder {index:0;}">
                    <Coords points="1241,2360 1241,2420 1473,2420 1473,2360"/>
                    <TextEquiv>
                        <Unicode>Gottfried</Unicode>
                    </TextEquiv>
                </Word>
                <Word id="r_11_tl_40_w2" custom="readingOrder {index:1;}">
                    <Coords points="1506,2360 1506,2420 1575,2420 1575,2360"/>
                    <TextEquiv>
                        <Unicode>von</Unicode>
                    </TextEquiv>
                </Word>
                <Word id="r_11_tl_40_w3" custom="readingOrder {index:2;}">
                    <Coords points="1619,2361 1619,2421 1830,2421 1830,2361"/>
                    <TextEquiv>
                        <Unicode>Werner,</Unicode>
                    </TextEquiv>
                </Word>
                <Word id="r_11_tl_40_w4" custom="readingOrder {index:3;}">
                    <Coords points="1868,2361 1868,2421 1911,2421 1911,2361"/>
                    <TextEquiv>
                        <Unicode>ein</Unicode>
                    </TextEquiv>
                </Word>
                <Word id="r_11_tl_40_w5" custom="readingOrder {index:4;}">
                    <Coords points="1955,2356 1955,2416 2057,2416 2057,2356"/>
                    <TextEquiv>
                        <Unicode>Sohn</Unicode>
                    </TextEquiv>
                </Word>
                <Word id="r_11_tl_40_w6" custom="readingOrder {index:5;}">
                    <Coords points="2100,2358 2100,2418 2154,2418 2154,2358"/>
                    <TextEquiv>
                        <Unicode>des</Unicode>
                    </TextEquiv>
                </Word>
                <Word id="r_11_tl_40_w7" custom="readingOrder {index:6;}">
                    <Coords points="2187,2360 2187,2420 2256,2420 2256,2360"/>
                    <TextEquiv>
                        <Unicode>K</Unicode>
                    </TextEquiv>
                </Word>
                <TextEquiv>
                    <Unicode>Gottfried von Werner, ein Sohn des K</Unicode>
                </TextEquiv>
            </TextLine>
            <TextLine id="r_11_tl_41" custom="readingOrder {index:40;}">
                <Coords points="1241,2451 2257,2467 2257,2414 2149,2407 1241,2414"/>
                <Baseline points="1247,2448 1292,2451 1337,2451 1382,2451 1427,2451 1471,2451 1516,2451 1561,2448 1606,2448 1650,2451 1695,2451 1740,2448 1785,2451 1830,2451 1874,2448 1919,2448 1964,2448 2009,2448 2054,2448 2098,2448 2143,2448 2188,2448 2233,2451 2260,2448"/>
                <Word id="r_11_tl_41_w1" custom="readingOrder {index:0;}">
                    <Coords points="1242,2410 1242,2470 1329,2470 1329,2410"/>
                    <TextEquiv>
                        <Unicode>nigl.</Unicode>
                    </TextEquiv>
                </Word>
                <Word id="r_11_tl_41_w2" custom="readingOrder {index:1;}">
                    <Coords points="1357,2411 1357,2471 1496,2471 1496,2411"/>
                    <TextEquiv>
                        <Unicode>Preu.</Unicode>
                    </TextEquiv>
                </Word>
                <Word id="r_11_tl_41_w3" custom="readingOrder {index:2;}">
                    <Coords points="1529,2408 1529,2468 1701,2468 1701,2408"/>
                    <TextEquiv>
                        <Unicode>Hofraths</Unicode>
                    </TextEquiv>
                </Word>
                <Word id="r_11_tl_41_w4" custom="readingOrder {index:3;}">
                    <Coords points="1740,2410 1740,2470 1805,2470 1805,2410"/>
                    <TextEquiv>
                        <Unicode>und</Unicode>
                    </TextEquiv>
                </Word>
                <Word id="r_11_tl_41_w5" custom="readingOrder {index:4;}">
                    <Coords points="1839,2408 1839,2468 2088,2468 2088,2408"/>
                    <TextEquiv>
                        <Unicode>Obersecretrs</Unicode>
                    </TextEquiv>
                </Word>
                <Word id="r_11_tl_41_w6" custom="readingOrder {index:5;}">
                    <Coords points="2128,2408 2128,2468 2260,2468 2260,2408"/>
                    <TextEquiv>
                        <Unicode>Gott</Unicode>
                    </TextEquiv>
                </Word>
                <TextEquiv>
                    <Unicode>nigl. Preu. Hofraths und Obersecretrs Gott</Unicode>
                </TextEquiv>
            </TextLine>
            <TextLine id="r_11_tl_42" custom="readingOrder {index:41;}">
                <Coords points="1248,2515 2259,2513 2213,2456 1248,2456"/>
                <Baseline points="1256,2501 1277,2498 1322,2498 1367,2498 1412,2498 1456,2498 1501,2498 1546,2498 1591,2498 1636,2498 1680,2498 1725,2498 1770,2501 1815,2498 1859,2498 1904,2498 1949,2498 1994,2498 2039,2498 2083,2498 2128,2498 2173,2498 2218,2495 2263,2498"/>
                <Word id="r_11_tl_42_w1" custom="readingOrder {index:0;}">
                    <Coords points="1248,2458 1248,2518 1356,2518 1356,2458"/>
                    <TextEquiv>
                        <Unicode>fried</Unicode>
                    </TextEquiv>
                </Word>
                <Word id="r_11_tl_42_w2" custom="readingOrder {index:1;}">
                    <Coords points="1389,2458 1389,2518 1459,2518 1459,2458"/>
                    <TextEquiv>
                        <Unicode>von</Unicode>
                    </TextEquiv>
                </Word>
                <Word id="r_11_tl_42_w3" custom="readingOrder {index:2;}">
                    <Coords points="1498,2458 1498,2518 1698,2518 1698,2458"/>
                    <TextEquiv>
                        <Unicode>Werner,</Unicode>
                    </TextEquiv>
                </Word>
                <Word id="r_11_tl_42_w4" custom="readingOrder {index:3;}">
                    <Coords points="1720,2460 1720,2520 1850,2520 1850,2460"/>
                    <TextEquiv>
                        <Unicode>welchen</Unicode>
                    </TextEquiv>
                </Word>
                <Word id="r_11_tl_42_w5" custom="readingOrder {index:4;}">
                    <Coords points="1877,2458 1877,2518 2094,2518 2094,2458"/>
                    <TextEquiv>
                        <Unicode>Friedrich</Unicode>
                    </TextEquiv>
                </Word>
                <Word id="r_11_tl_42_w6" custom="readingOrder {index:5;}">
                    <Coords points="2127,2458 2127,2518 2175,2518 2175,2458"/>
                    <TextEquiv>
                        <Unicode>der</Unicode>
                    </TextEquiv>
                </Word>
                <Word id="r_11_tl_42_w7" custom="readingOrder {index:6;}">
                    <Coords points="2198,2455 2198,2515 2262,2515 2262,2455"/>
                    <TextEquiv>
                        <Unicode>Er</Unicode>
                    </TextEquiv>
                </Word>
                <TextEquiv>
                    <Unicode>fried von Werner, welchen Friedrich der Er</Unicode>
                </TextEquiv>
            </TextLine>
            <TextLine id="r_11_tl_43" custom="readingOrder {index:42;}">
                <Coords points="1246,2565 2263,2559 2263,2513 2189,2503 1246,2512"/>
                <Baseline points="1253,2552 1280,2549 1325,2546 1370,2549 1415,2549 1459,2549 1504,2549 1549,2546 1594,2546 1639,2546 1683,2549 1728,2549 1773,2549 1818,2549 1862,2549 1907,2549 1952,2549 1997,2549 2042,2546 2086,2549 2131,2549 2176,2549 2221,2549 2266,2549"/>
                <Word id="r_11_tl_43_w1" custom="readingOrder {index:0;}">
                    <Coords points="1241,2509 1241,2569 1302,2569 1302,2509"/>
                    <TextEquiv>
                        <Unicode>ste,</Unicode>
                    </TextEquiv>
                </Word>
                <Word id="r_11_tl_43_w2" custom="readingOrder {index:1;}">
                    <Coords points="1336,2509 1336,2569 1447,2569 1447,2509"/>
                    <TextEquiv>
                        <Unicode>Knig</Unicode>
                    </TextEquiv>
                </Word>
                <Word id="r_11_tl_43_w3" custom="readingOrder {index:2;}">
                    <Coords points="1487,2509 1487,2569 1515,2569 1515,2509"/>
                    <TextEquiv>
                        <Unicode>in</Unicode>
                    </TextEquiv>
                </Word>
                <Word id="r_11_tl_43_w4" custom="readingOrder {index:3;}">
                    <Coords points="1554,2506 1554,2566 1705,2566 1705,2506"/>
                    <TextEquiv>
                        <Unicode>Preuen</Unicode>
                    </TextEquiv>
                </Word>
                <Word id="r_11_tl_43_w5" custom="readingOrder {index:4;}">
                    <Coords points="1745,2509 1745,2569 2019,2569 2019,2509"/>
                    <TextEquiv>
                        <Unicode>glorwrdigsten</Unicode>
                    </TextEquiv>
                </Word>
                <Word id="r_11_tl_43_w6" custom="readingOrder {index:5;}">
                    <Coords points="2059,2509 2059,2569 2254,2569 2254,2509"/>
                    <TextEquiv>
                        <Unicode>Andenkens</Unicode>
                    </TextEquiv>
                </Word>
                <TextEquiv>
                    <Unicode>ste, Knig in Preuen glorwrdigsten Andenkens</Unicode>
                </TextEquiv>
            </TextLine>
            <TextLine id="r_11_tl_44" custom="readingOrder {index:43;}">
                <Coords points="1241,2609 2257,2613 2257,2565 1241,2565"/>
                <Baseline points="1247,2597 1292,2597 1337,2597 1382,2597 1427,2597 1471,2600 1516,2597 1561,2597 1606,2594 1650,2597 1695,2597 1740,2597 1785,2600 1830,2600 1874,2597 1919,2597 1964,2597 2009,2597 2054,2597 2098,2597 2143,2597 2188,2600 2233,2600 2260,2600"/>
                <Word id="r_11_tl_44_w1" custom="readingOrder {index:0;}">
                    <Coords points="1241,2557 1241,2617 1297,2617 1297,2557"/>
                    <TextEquiv>
                        <Unicode>bey</Unicode>
                    </TextEquiv>
                </Word>
                <Word id="r_11_tl_44_w2" custom="readingOrder {index:1;}">
                    <Coords points="1324,2557 1324,2617 1457,2617 1457,2557"/>
                    <TextEquiv>
                        <Unicode>Seiner</Unicode>
                    </TextEquiv>
                </Word>
                <Word id="r_11_tl_44_w3" custom="readingOrder {index:2;}">
                    <Coords points="1484,2556 1484,2616 1649,2616 1649,2556"/>
                    <TextEquiv>
                        <Unicode>Krnung</Unicode>
                    </TextEquiv>
                </Word>
                <Word id="r_11_tl_44_w4" custom="readingOrder {index:3;}">
                    <Coords points="1681,2557 1681,2617 1706,2617 1706,2557"/>
                    <TextEquiv>
                        <Unicode>in</Unicode>
                    </TextEquiv>
                </Word>
                <Word id="r_11_tl_44_w5" custom="readingOrder {index:4;}">
                    <Coords points="1743,2558 1743,2618 1794,2618 1794,2558"/>
                    <TextEquiv>
                        <Unicode>den</Unicode>
                    </TextEquiv>
                </Word>
                <Word id="r_11_tl_44_w6" custom="readingOrder {index:5;}">
                    <Coords points="1831,2557 1831,2617 2001,2617 2001,2557"/>
                    <TextEquiv>
                        <Unicode>Adelstand</Unicode>
                    </TextEquiv>
                </Word>
                <Word id="r_11_tl_44_w7" custom="readingOrder {index:6;}">
                    <Coords points="2033,2557 2033,2617 2157,2617 2157,2557"/>
                    <TextEquiv>
                        <Unicode>erhob,</Unicode>
                    </TextEquiv>
                </Word>
                <Word id="r_11_tl_44_w8" custom="readingOrder {index:7;}">
                    <Coords points="2183,2560 2183,2620 2250,2620 2250,2560"/>
                    <TextEquiv>
                        <Unicode>war</Unicode>
                    </TextEquiv>
                </Word>
                <TextEquiv>
                    <Unicode>bey Seiner Krnung in den Adelstand erhob, war</Unicode>
                </TextEquiv>
            </TextLine>
            <TextLine id="r_11_tl_45" custom="readingOrder {index:44;}">
                <Coords points="1243,2657 2259,2659 2222,2607 1243,2611"/>
                <Baseline points="1250,2651 1295,2648 1340,2648 1385,2648 1430,2648 1474,2648 1519,2648 1564,2648 1609,2645 1653,2645 1698,2648 1743,2648 1788,2648 1833,2648 1877,2645 1922,2645 1967,2648 2012,2648 2057,2648 2101,2648 2146,2651 2191,2648 2236,2651 2263,2651"/>
                <Word id="r_11_tl_45_w1" custom="readingOrder {index:0;}">
                    <Coords points="1238,2610 1238,2670 1286,2670 1286,2610"/>
                    <TextEquiv>
                        <Unicode>den</Unicode>
                    </TextEquiv>
                </Word>
                <Word id="r_11_tl_45_w2" custom="readingOrder {index:1;}">
                    <Coords points="1319,2608 1319,2668 1427,2668 1427,2608"/>
                    <TextEquiv>
                        <Unicode>23sten</Unicode>
                    </TextEquiv>
                </Word>
                <Word id="r_11_tl_45_w3" custom="readingOrder {index:2;}">
                    <Coords points="1456,2608 1456,2668 1548,2668 1548,2608"/>
                    <TextEquiv>
                        <Unicode>Aug.</Unicode>
                    </TextEquiv>
                </Word>
                <Word id="r_11_tl_45_w4" custom="readingOrder {index:3;}">
                    <Coords points="1570,2605 1570,2665 1657,2665 1657,2605"/>
                    <TextEquiv>
                        <Unicode>1703</Unicode>
                    </TextEquiv>
                </Word>
                <Word id="r_11_tl_45_w5" custom="readingOrder {index:4;}">
                    <Coords points="1680,2608 1680,2668 1847,2668 1847,2608"/>
                    <TextEquiv>
                        <Unicode>geboren;</Unicode>
                    </TextEquiv>
                </Word>
                <Word id="r_11_tl_45_w6" custom="readingOrder {index:5;}">
                    <Coords points="1881,2605 1881,2665 1989,2665 1989,2605"/>
                    <TextEquiv>
                        <Unicode>wurde</Unicode>
                    </TextEquiv>
                </Word>
                <Word id="r_11_tl_45_w7" custom="readingOrder {index:6;}">
                    <Coords points="2017,2608 2017,2668 2110,2668 2110,2608"/>
                    <TextEquiv>
                        <Unicode>1731</Unicode>
                    </TextEquiv>
                </Word>
                <Word id="r_11_tl_45_w8" custom="readingOrder {index:7;}">
                    <Coords points="2137,2608 2137,2668 2256,2668 2256,2608"/>
                    <TextEquiv>
                        <Unicode>Hofge=</Unicode>
                    </TextEquiv>
                </Word>
                <TextEquiv>
                    <Unicode>den 23sten Aug. 1703 geboren; wurde 1731 Hofge=</Unicode>
                </TextEquiv>
            </TextLine>
            <TextLine id="r_11_tl_46" custom="readingOrder {index:45;}">
                <Coords points="1241,2705 2266,2718 2249,2657 1241,2665"/>
                <Baseline points="1247,2698 1292,2698 1337,2698 1382,2695 1427,2698 1471,2698 1516,2692 1561,2695 1606,2695 1650,2695 1695,2698 1740,2698 1785,2698 1830,2695 1874,2698 1919,2695 1964,2695 2009,2695 2054,2695 2098,2698 2143,2698 2188,2698 2233,2698 2269,2698"/>
                <Word id="r_11_tl_46_w1" custom="readingOrder {index:0;}">
                    <Coords points="1236,2658 1236,2718 1349,2718 1349,2658"/>
                    <TextEquiv>
                        <Unicode>richts=</Unicode>
                    </TextEquiv>
                </Word>
                <Word id="r_11_tl_46_w2" custom="readingOrder {index:1;}">
                    <Coords points="1376,2656 1376,2716 1432,2716 1432,2656"/>
                    <TextEquiv>
                        <Unicode>und</Unicode>
                    </TextEquiv>
                </Word>
                <Word id="r_11_tl_46_w3" custom="readingOrder {index:2;}">
                    <Coords points="1464,2653 1464,2713 1552,2713 1552,2653"/>
                    <TextEquiv>
                        <Unicode>1734</Unicode>
                    </TextEquiv>
                </Word>
                <Word id="r_11_tl_46_w4" custom="readingOrder {index:3;}">
                    <Coords points="1589,2657 1589,2717 2155,2717 2155,2657"/>
                    <TextEquiv>
                        <Unicode>Oberappellationsgerichtsrath,</Unicode>
                    </TextEquiv>
                </Word>
                <Word id="r_11_tl_46_w5" custom="readingOrder {index:4;}">
                    <Coords points="2182,2658 2182,2718 2259,2718 2259,2658"/>
                    <TextEquiv>
                        <Unicode>wel=</Unicode>
                    </TextEquiv>
                </Word>
                <TextEquiv>
                    <Unicode>richts= und 1734 Oberappellationsgerichtsrath, wel=</Unicode>
                </TextEquiv>
            </TextLine>
            <TextLine id="r_11_tl_47" custom="readingOrder {index:46;}">
                <Coords points="1234,2751 2259,2751 2259,2718 2202,2707 1234,2709"/>
                <Baseline points="1241,2746 1286,2746 1331,2743 1376,2746 1421,2746 1465,2746 1510,2746 1555,2746 1600,2746 1645,2746 1689,2746 1734,2746 1779,2746 1824,2746 1868,2746 1913,2746 1958,2743 2003,2746 2048,2746 2092,2746 2137,2749 2182,2746 2227,2746 2263,2746"/>
                <Word id="r_11_tl_47_w1" custom="readingOrder {index:0;}">
                    <Coords points="1239,2706 1239,2766 1302,2766 1302,2706"/>
                    <TextEquiv>
                        <Unicode>ches</Unicode>
                    </TextEquiv>
                </Word>
                <Word id="r_11_tl_47_w2" custom="readingOrder {index:1;}">
                    <Coords points="1329,2703 1329,2763 1360,2763 1360,2703"/>
                    <TextEquiv>
                        <Unicode>er</Unicode>
                    </TextEquiv>
                </Word>
                <Word id="r_11_tl_47_w3" custom="readingOrder {index:2;}">
                    <Coords points="1382,2706 1382,2766 1429,2766 1429,2706"/>
                    <TextEquiv>
                        <Unicode>bis</Unicode>
                    </TextEquiv>
                </Word>
                <Word id="r_11_tl_47_w4" custom="readingOrder {index:3;}">
                    <Coords points="1456,2706 1456,2766 1546,2766 1546,2706"/>
                    <TextEquiv>
                        <Unicode>1740</Unicode>
                    </TextEquiv>
                </Word>
                <Word id="r_11_tl_47_w5" custom="readingOrder {index:4;}">
                    <Coords points="1573,2706 1573,2766 1684,2766 1684,2706"/>
                    <TextEquiv>
                        <Unicode>blieb,</Unicode>
                    </TextEquiv>
                </Word>
                <Word id="r_11_tl_47_w6" custom="readingOrder {index:5;}">
                    <Coords points="1711,2706 1711,2766 1742,2766 1742,2706"/>
                    <TextEquiv>
                        <Unicode>da</Unicode>
                    </TextEquiv>
                </Word>
                <Word id="r_11_tl_47_w7" custom="readingOrder {index:6;}">
                    <Coords points="1770,2706 1770,2766 1801,2766 1801,2706"/>
                    <TextEquiv>
                        <Unicode>er</Unicode>
                    </TextEquiv>
                </Word>
                <Word id="r_11_tl_47_w8" custom="readingOrder {index:7;}">
                    <Coords points="1823,2706 1823,2766 1938,2766 1938,2706"/>
                    <TextEquiv>
                        <Unicode>wieder</Unicode>
                    </TextEquiv>
                </Word>
                <Word id="r_11_tl_47_w9" custom="readingOrder {index:8;}">
                    <Coords points="1966,2706 1966,2766 2066,2766 2066,2706"/>
                    <TextEquiv>
                        <Unicode>seinen</Unicode>
                    </TextEquiv>
                </Word>
                <Word id="r_11_tl_47_w10" custom="readingOrder {index:9;}">
                    <Coords points="2093,2708 2093,2768 2188,2768 2188,2708"/>
                    <TextEquiv>
                        <Unicode>Platz</Unicode>
                    </TextEquiv>
                </Word>
                <Word id="r_11_tl_47_w11" custom="readingOrder {index:10;}">
                    <Coords points="2210,2706 2210,2766 2230,2766 2230,2706"/>
                    <TextEquiv>
                        <Unicode>im</Unicode>
                    </TextEquiv>
                </Word>
                <TextEquiv>
                    <Unicode>ches er bis 1740 blieb, da er wieder seinen Platz im</Unicode>
                </TextEquiv>
            </TextLine>
            <TextLine id="r_11_tl_48" custom="readingOrder {index:47;}">
                <Coords points="1229,2808 2254,2808 2254,2758 2218,2752 1646,2783 1229,2756"/>
                <Baseline points="1236,2794 1271,2794 1316,2794 1361,2794 1406,2794 1450,2797 1495,2794 1540,2794 1585,2794 1630,2797 1674,2797 1719,2794 1764,2794 1809,2794 1854,2794 1898,2794 1943,2794 1988,2797 2033,2797 2077,2794 2122,2797 2167,2794 2212,2794 2257,2791"/>
                <Word id="r_11_tl_48_w1" custom="readingOrder {index:0;}">
                    <Coords points="1234,2754 1234,2814 1430,2814 1430,2754"/>
                    <TextEquiv>
                        <Unicode>Hofgericht</Unicode>
                    </TextEquiv>
                </Word>
                <Word id="r_11_tl_48_w2" custom="readingOrder {index:1;}">
                    <Coords points="1451,2754 1451,2814 1621,2814 1621,2754"/>
                    <TextEquiv>
                        <Unicode>einnahm.</Unicode>
                    </TextEquiv>
                </Word>
                <Word id="r_11_tl_48_w3" custom="readingOrder {index:2;}">
                    <Coords points="1694,2754 1694,2814 1818,2814 1818,2754"/>
                    <TextEquiv>
                        <Unicode>Dabey</Unicode>
                    </TextEquiv>
                </Word>
                <Word id="r_11_tl_48_w4" custom="readingOrder {index:3;}">
                    <Coords points="1844,2754 1844,2814 1905,2814 1905,2754"/>
                    <TextEquiv>
                        <Unicode>war</Unicode>
                    </TextEquiv>
                </Word>
                <Word id="r_11_tl_48_w5" custom="readingOrder {index:4;}">
                    <Coords points="1932,2754 1932,2814 1963,2814 1963,2754"/>
                    <TextEquiv>
                        <Unicode>er</Unicode>
                    </TextEquiv>
                </Word>
                <Word id="r_11_tl_48_w6" custom="readingOrder {index:5;}">
                    <Coords points="1984,2757 1984,2817 2055,2817 2055,2757"/>
                    <TextEquiv>
                        <Unicode>auch</Unicode>
                    </TextEquiv>
                </Word>
                <Word id="r_11_tl_48_w7" custom="readingOrder {index:6;}">
                    <Coords points="2082,2756 2082,2816 2149,2816 2149,2756"/>
                    <TextEquiv>
                        <Unicode>eine</Unicode>
                    </TextEquiv>
                </Word>
                <Word id="r_11_tl_48_w8" custom="readingOrder {index:7;}">
                    <Coords points="2170,2753 2170,2813 2257,2813 2257,2753"/>
                    <TextEquiv>
                        <Unicode>Zeit</Unicode>
                    </TextEquiv>
                </Word>
                <TextEquiv>
                    <Unicode>Hofgericht einnahm. Dabey war er auch eine Zeit</Unicode>
                </TextEquiv>
            </TextLine>
            <TextLine id="r_11_tl_49" custom="readingOrder {index:48;}">
                <Coords points="1237,2854 2259,2850 2237,2804 1237,2804"/>
                <Baseline points="1244,2848 1277,2845 1322,2845 1367,2845 1412,2845 1456,2845 1501,2842 1546,2845 1591,2845 1636,2845 1680,2845 1725,2842 1770,2845 1815,2845 1859,2845 1904,2845 1949,2845 1994,2845 2039,2848 2083,2845 2128,2842 2173,2842 2218,2842 2263,2842"/>
                <Word id="r_11_tl_49_w1" custom="readingOrder {index:0;}">
                    <Coords points="1237,2805 1237,2865 1307,2865 1307,2805"/>
                    <TextEquiv>
                        <Unicode>lang</Unicode>
                    </TextEquiv>
                </Word>
                <Word id="r_11_tl_49_w2" custom="readingOrder {index:1;}">
                    <Coords points="1340,2805 1340,2865 1556,2865 1556,2805"/>
                    <TextEquiv>
                        <Unicode>Justitiarius</Unicode>
                    </TextEquiv>
                </Word>
                <Word id="r_11_tl_49_w3" custom="readingOrder {index:2;}">
                    <Coords points="1584,2805 1584,2865 1638,2865 1638,2805"/>
                    <TextEquiv>
                        <Unicode>der</Unicode>
                    </TextEquiv>
                </Word>
                <Word id="r_11_tl_49_w4" custom="readingOrder {index:3;}">
                    <Coords points="1666,2802 1666,2862 1801,2862 1801,2802"/>
                    <TextEquiv>
                        <Unicode>hiesigen</Unicode>
                    </TextEquiv>
                </Word>
                <Word id="r_11_tl_49_w5" custom="readingOrder {index:4;}">
                    <Coords points="1834,2805 1834,2865 1991,2865 1991,2805"/>
                    <TextEquiv>
                        <Unicode>Krieges=</Unicode>
                    </TextEquiv>
                </Word>
                <Word id="r_11_tl_49_w6" custom="readingOrder {index:5;}">
                    <Coords points="2019,2807 2019,2867 2083,2867 2083,2807"/>
                    <TextEquiv>
                        <Unicode>und</Unicode>
                    </TextEquiv>
                </Word>
                <Word id="r_11_tl_49_w7" custom="readingOrder {index:6;}">
                    <Coords points="2105,2802 2105,2862 2256,2862 2256,2802"/>
                    <TextEquiv>
                        <Unicode>Domai</Unicode>
                    </TextEquiv>
                </Word>
                <TextEquiv>
                    <Unicode>lang Justitiarius der hiesigen Krieges= und Domai</Unicode>
                </TextEquiv>
            </TextLine>
            <TextLine id="r_11_tl_50" custom="readingOrder {index:49;}">
                <Coords points="1222,2906 1688,2931 2258,2901 2227,2848 1222,2866"/>
                <Baseline points="1230,2898 1274,2898 1319,2898 1364,2898 1409,2895 1453,2895 1498,2895 1543,2895 1588,2898 1633,2898 1677,2898 1722,2898 1767,2898 1812,2898 1857,2898 1901,2898 1946,2898 1991,2898 2036,2898 2080,2895 2125,2892 2170,2889 2215,2889 2260,2892"/>
                <Word id="r_11_tl_50_w1" custom="readingOrder {index:0;}">
                    <Coords points="1227,2858 1227,2918 1439,2918 1439,2858"/>
                    <TextEquiv>
                        <Unicode>nenkammer</Unicode>
                    </TextEquiv>
                </Word>
                <Word id="r_11_tl_50_w2" custom="readingOrder {index:1;}">
                    <Coords points="1471,2855 1471,2915 1534,2915 1534,2855"/>
                    <TextEquiv>
                        <Unicode>mit</Unicode>
                    </TextEquiv>
                </Word>
                <Word id="r_11_tl_50_w3" custom="readingOrder {index:2;}">
                    <Coords points="1562,2857 1562,2917 1609,2917 1609,2857"/>
                    <TextEquiv>
                        <Unicode>dem</Unicode>
                    </TextEquiv>
                </Word>
                <Word id="r_11_tl_50_w4" custom="readingOrder {index:3;}">
                    <Coords points="1657,2858 1657,2918 1842,2918 1842,2858"/>
                    <TextEquiv>
                        <Unicode>Charakter</Unicode>
                    </TextEquiv>
                </Word>
                <Word id="r_11_tl_50_w5" custom="readingOrder {index:4;}">
                    <Coords points="1880,2858 1880,2918 1964,2918 1964,2858"/>
                    <TextEquiv>
                        <Unicode>einer</Unicode>
                    </TextEquiv>
                </Word>
                <Word id="r_11_tl_50_w6" custom="readingOrder {index:5;}">
                    <Coords points="1996,2855 1996,2915 2155,2915 2155,2855"/>
                    <TextEquiv>
                        <Unicode>Krieges=</Unicode>
                    </TextEquiv>
                </Word>
                <Word id="r_11_tl_50_w7" custom="readingOrder {index:6;}">
                    <Coords points="2182,2849 2182,2909 2245,2909 2245,2849"/>
                    <TextEquiv>
                        <Unicode>und</Unicode>
                    </TextEquiv>
                </Word>
                <TextEquiv>
                    <Unicode>nenkammer mit dem Charakter einer Krieges= und</Unicode>
                </TextEquiv>
            </TextLine>
            <TextLine id="r_11_tl_51" custom="readingOrder {index:50;}">
                <Coords points="2160,2958 2187,2954 2205,2959 2213,2954 2233,2968 2258,2966 2254,2905 2224,2905 2219,2909 2208,2898 2189,2897 2166,2909 2156,2907"/>
                <Baseline points="2164,2937 2209,2940 2254,2943 2260,2943"/>
                <Word id="r_11_tl_51_w1" custom="readingOrder {index:0;}">
                    <Coords points="2165,2899 2165,2959 2247,2959 2247,2899"/>
                    <TextEquiv>
                        <Unicode>Do=</Unicode>
                    </TextEquiv>
                </Word>
                <TextEquiv>
                    <Unicode>Do=</Unicode>
                </TextEquiv>
            </TextLine>
            <TextEquiv>
                <Unicode></Unicode>
            </TextEquiv>
        </TextRegion>
    </Page>
</PcGts>
