2479 3508
478 1204 605 1264 86tes
654 1201 821 1261 Stück.
886 1203 1117 1263 Montag,
1150 1196 1221 1256 den
1270 1196 1357 1256 26.
1390 1192 1637 1252 November
1678 1190 1821 1250 1764.

556 1273 749 1333 Berlin.

151 1343 261 1403 Vey
289 1335 459 1395 Birnstiel
480 1332 538 1392 sind
565 1328 735 1388 gedruckt:
762 1324 906 1384 "Briefe
926 1324 998 1384 über
1018 1323 1064 1383 die
1078 1321 1168 1381 neue¬

145 1386 324 1446 "ste
345 1381 556 1441 theologische
578 1378 751 1438 Litteratur
778 1375 830 1435 von
862 1375 967 1435 Seb.
994 1369 1168 1429 Friedr.

143 1433 374 1493 "Trescho,
402 1428 579 1488 Diaconus
607 1428 633 1488 zu
672 1425 893 1485 Mohrungen
926 1422 952 1482 in
985 1416 1157 1476 Preußen,

133 1477 199 1537 "21
234 1482 345 1542 Bogen
379 1482 401 1542 in
435 1479 513 1539 8vo,
542 1474 676 1534 1764.”
738 1473 816 1533 Der
839 1472 911 1532 Hr.
934 1467 1034 1527 Verf.
1052 1467 1107 1527 hat
1125 1464 1152 1524 in

141 1538 243 1598 diesen
276 1530 444 1590 Briefen,
466 1527 552 1587 deren
586 1526 607 1586 in
640 1523 731 1583 diesem
780 1521 862 1581 1sten
895 1518 997 1578 Theil
1025 1517 1062 1577 18
1100 1514 1165 1574 ent¬

146 1588 251 1648 halten
279 1581 367 1641 sind,
390 1578 490 1638 theils
512 1576 617 1636 einige
645 1575 728 1635 neue
745 1572 928 1632 Irthümer
962 1568 1033 1628 auch
1067 1564 1138 1624 woh

138 1635 360 1695 ansehnlicher
405 1627 692 1687 Gottesgelehrten
742 1622 807 1682 mit
846 1619 932 1679 einem
993 1613 1150 1673 kritischen

142 1688 237 1748 Salz
256 1685 416 1745 erzählet,
441 1679 535 1739 theils
567 1679 673 1739 einige
692 1676 781 1736 nicht
800 1673 853 1733 gar
877 1673 906 1733 zu
937 1667 1157 1727 gewöhnliche

144 1740 353 1800 theologische
377 1734 576 1794 Materien,
599 1730 684 1790 ohne
708 1729 758 1789 daß
787 1727 838 1787 die
861 1724 975 1784 neuere
1004 1720 1162 1780 theologi¬

145 1792 216 1852 sche
253 1790 428 1850 Litteratur
465 1784 604 1844 unbillig
641 1781 779 1841 darinne
828 1775 1033 1835 eingemischt
1064 1772 1154 1832 wäre

145 1833 340 1893 dogmatisch
368 1828 540 1888 erläutert.
590 1822 667 1882 Wir
695 1822 808 1882 wollen
845 1819 894 1879 die
917 1819 1012 1879 Titul
1040 1817 1162 1877 einiger

149 1882 264 1942 Briefe
288 1879 346 1939 mit
371 1875 452 1935 Fleiß
481 1867 669 1927 anmerken,
689 1864 722 1924 um
766 1864 809 1924 ein
839 1861 997 1921 gerechtes
1022 1855 1166 1915 Verlan¬

150 1933 206 1993 gen
238 1927 289 1987 bey
315 1924 366 1984 dem
408 1919 547 1979 Publico
574 1915 599 1975 zu
631 1912 806 1972 erwecken,
833 1907 925 1967 selbst
952 1903 1034 1963 diese
1061 1902 1163 1962 Brie¬

141 1987 201 2047 fe,
224 1980 273 2040 die
296 1975 346 2035 sich
374 1972 451 2032 über
474 1969 529 2029 das
552 1966 640 2026 durch
675 1963 747 2023 eine
775 1959 974 2019 angenehme
1003 1951 1163 2011 Schreib¬

148 2033 202 2093 art
219 2024 429 2084 empfehlen,
457 2020 483 2080 zu
512 2017 610 2077 lesen.

196 2076 272 2136 Der
303 2075 355 2135 2te
386 2067 556 2127 behandelt
587 2064 633 2124 die
663 2061 870 2121 Grundsätze
901 2056 947 2116 der
978 2050 1148 2110 Crusischen

156 2126 405 2186 Weltweisheit
433 2121 459 2181 in
498 2118 546 2178 die
573 2114 790 2174 geoffenbarte
823 2107 1029 2167 Theologie,
1057 2101 1153 2161 worin

152 2181 202 2241 der
225 2175 293 2235 Hr.
322 2171 424 2231 Verf.
453 2169 572 2229 scheint
601 2165 754 2225 vergessen
789 2163 817 2223 zu
852 2158 982 2218 haben,
1017 2154 1073 2214 daß
1108 2151 1159 2211 die

148 2229 245 2289 Lehre
268 2223 322 2283 vom
366 2220 530 2280 Ursprung
558 2217 606 2277 des
634 2212 771 2272 Bösen,
804 2213 852 2273 die
875 2211 902 2271 in
930 2207 979 2267 der
1001 2202 1170 2262 Leibnitzi¬

152 2281 231 2341 schen
258 2271 417 2331 Theodice
439 2270 508 2330 noch
535 2267 593 2327 gar
615 2261 646 2321 zu
673 2261 881 2321 schwankend
908 2257 992 2317 durch
1025 2254 1072 2314 die
1089 2251 1168 2311 Leh¬

147 2330 184 2390 re
205 2327 258 2387 von
290 2324 337 2384 der
365 2321 460 2381 besten
487 2315 583 2375 Welt
599 2309 758 2369 erläutert
775 2309 838 2369 ist,
876 2309 965 2369 einen
993 2303 1157 2363 wichtigen

155 2378 329 2438 Aufschluß
368 2370 422 2430 aus
460 2369 514 2429 der
552 2360 821 2420 Telematologie
849 2360 904 2420 des
942 2357 1033 2417 Hrn.
1062 2354 1173 2414 Crus
1202 2345 1302 2405 theilt
1322 2342 1395 2402 über
1424 2342 1607 2402 Büschings
1637 2348 1895 2408 problematische
1915 2345 2117 2405 Theologie.

157 2428 232 2488 sius
269 2424 406 2484 erhalten
447 2414 574 2474 könnte.

209 2470 280 2530 Der
305 2469 359 2529 3te
384 2464 486 2524 Brief
517 2459 643 2519 enthält
668 2455 715 2515 den
759 2458 842 2518 Plan
879 2457 963 2517 einer
994 2449 1174 2509 Charakte¬

147 2523 250 2583 ristick
289 2521 337 2581 der
375 2511 646 2571 Kanzelredner,
669 2506 717 2566 die
750 2509 820 2569 sehr
853 2505 972 2565 heilsam
1021 2499 1156 2559 gewesen

150 2572 261 2632 wäre,
289 2566 374 2626 wenn
406 2564 454 2624 der
487 2561 550 2621 Hr.
577 2557 679 2617 Verf.
706 2557 790 2617 nicht
818 2556 903 2616 durch
941 2554 1026 2614 einen
1064 2546 1149 2606 beson

152 2623 224 2683 dern
251 2617 360 2677 Zufall
381 2614 413 2674 an
445 2611 496 2671 der
518 2605 742 2665 Herausgabe
774 2607 861 2667 wäre
888 2602 1065 2662 behindert
1092 2596 1175 2656 wor¬

145 2672 224 2732 den.
273 2661 363 2721 Doch
396 2660 502 2720 würde
529 2655 608 2715 diese
630 2655 811 2715 Hinderniß
844 2655 998 2715 vielleicht
1020 2649 1046 2709 zu
1078 2646 1168 2706 über¬

156 2719 273 2779 winden
307 2712 441 2772 gewesen
470 2708 565 2768 seyn,
593 2703 683 2763 wenn
717 2703 767 2763 sich
801 2709 851 2769 der
874 2706 942 2766 Hr.
959 2700 1065 2760 Verf.
1088 2695 1177 2755 nicht

163 2771 243 2831 etwa
271 2764 356 2824 durch
389 2757 448 2817 gar
481 2757 507 2817 zu
546 2754 632 2814 freye
654 2754 800 2814 Urtheile
822 2754 897 2814 über
930 2754 1064 2814 manche
1092 2748 1177 2808 soge¬

160 2824 281 2884 nannte
311 2809 491 2869 geistliche,
515 2806 636 2866 heilige
672 2802 729 2862 und
759 2805 980 2865 Kanzelreden
1015 2802 1067 2862 den
1097 2799 1171 2859 Haß

160 2876 250 2936 ihrer
277 2864 420 2924 Urheber
440 2858 628 2918 zuzuziehen
662 2854 830 2914 gefürchtet
857 2855 961 2915 hätte.

1246 1270 1303 1330 Im
1356 1267 1425 1327 4ten
1467 1262 1594 1322 werden
1636 1261 1693 1321 des
1729 1261 1955 1321 abscheulichen
1996 1261 2205 1321 Socinianer

1199 1316 1405 1376 Bensons
1443 1312 1623 1372 Predigten
1667 1309 1756 1369 nebst
1783 1312 1884 1372 seinem
1938 1309 2197 1369 unverschämten

1205 1363 1399 1423 Uebersetzer
1421 1363 1464 1423 dem
1508 1360 1876 1420 socinianischgesinnten
1904 1360 2104 1420 reformirten
2132 1360 2212 1420 Pre¬

1198 1412 1284 1472 diger
1312 1410 1610 1470 Bamberger,
1638 1410 1729 1470 dreist
1752 1407 1963 1467 beurtheilet,
1990 1407 2120 1467 welches
2148 1409 2207 1469 Ur¬

1200 1461 1286 1521 theil
1303 1461 1388 1521 nebst
1411 1461 1497 1521 einem
1536 1458 1676 1518 andern,
1693 1458 1747 1518 von
1775 1455 1817 1515 D.
1839 1458 2040 1518 Semlers
2073 1455 2213 1515 Schrif¬

1198 1506 1243 1566 ten
1266 1509 1294 1569 im
1329 1509 1447 1569 fünften
1470 1508 1583 1568 Briefe
1600 1509 1786 1569 fortgesetzet
1804 1506 1894 1566 wird.
1917 1506 1962 1566 In
1985 1504 2081 1564 diesem
2110 1509 2205 1569 Brie¬

1205 1557 1231 1617 fe
1243 1560 1355 1620 spricht
1373 1560 1421 1620 der
1443 1559 1535 1619 Verf.
1552 1557 1600 1617 den
1622 1557 1714 1617 Hrn.
1726 1554 1768 1614 D.
1785 1554 1963 1614 Semler
1986 1556 2121 1616 ziemlich
2143 1557 2197 1617 von

1204 1609 1251 1669 dem
1300 1608 1479 1668 Verdachte
1511 1608 1595 1668 eines
1627 1605 1854 1665 Socinianers
1886 1603 1981 1663 frey,
2003 1607 2134 1667 welches
2166 1605 2208 1665 je¬

1201 1661 1269 1721 doch
1299 1660 1356 1720 mit
1380 1658 1426 1718 dem
1472 1658 1558 1718 14ten
1582 1655 1697 1715 Briefe
1716 1655 1767 1715 S.
1780 1655 1865 1715 275.
1884 1655 1912 1715 zu
1941 1657 2062 1717 streiten
2086 1656 2212 1716 scheint,

1198 1712 1257 1772 und
1296 1712 1427 1772 woraus
1465 1709 1525 1769 wir
1552 1709 1699 1769 schließen
1733 1708 1880 1768 wolten,
1902 1709 1956 1769 daß
2000 1708 2082 1768 diese
2110 1706 2207 1766 beyde

1208 1766 1326 1826 Briefe
1361 1764 1417 1824 von
1452 1764 1513 1824 zwo
1542 1763 1779 1823 verschiedenen
1808 1760 1988 1820 Verfassern
2023 1760 2203 1820 herrühren

1199 1811 1347 1871 müssen.
1395 1814 1511 1874 Sonst
1533 1811 1654 1871 werden
1681 1812 1733 1872 dem
1776 1811 1865 1871 Hrn.
1887 1808 1934 1868 D.
1956 1810 2130 1870 Semler
2162 1810 2220 1870 sei¬

1196 1852 1234 1912 ne
1258 1854 1440 1914 unrichtige
1465 1853 1522 1913 und
1551 1852 1599 1912 die
1618 1853 1719 1913 wider
1749 1852 1801 1912 die
1825 1852 2050 1912 symbolischen
2080 1855 2209 1915 Bücher

1201 1897 1364 1957 streitende
1394 1897 1572 1957 Begriffe:
1602 1897 1666 1957 von
1706 1897 1760 1957 der
1785 1899 2002 1959 Erleuchtung
2043 1900 2097 1960 des
2132 1903 2215 1963 Ver¬

1200 1945 1354 2005 standes:
1382 1943 1453 2003 Von
1482 1945 1531 2005 der
1560 1945 1764 2005 Tüchtigkeit
1781 1945 1869 2005 eines
1898 1948 2113 2008 unbekehrten
2141 1951 2212 2011 Leh¬

1192 1996 1295 2056 rers,
1323 1993 1382 2053 und
1415 1993 1474 2053 von
1507 1993 1562 2053 den
1600 1995 1779 2055 Uebungen
1812 1996 1866 2056 des
1894 1996 2084 2056 praktischen
2117 2000 2214 2060 Chri¬

1207 2043 1382 2103 stenthums
1411 2043 1574 2103 aufrichtig
1603 2043 1659 2103 und
1689 2043 1773 2103 ohne
1796 2043 1903 2103 Scheu
1932 2043 2152 2103 vorgerüͤcket.

1249 2092 1325 2152 Der
1361 2093 1414 2153 6te
1445 2094 1550 2154 Brief
1580 2094 1639 2154 von
1676 2094 1847 2154 poetischen
1889 2094 2066 2154 Predigten
2102 2096 2213 2156 liefert

1195 2145 1277 2205 alles
1303 2142 1359 2202 zum
1404 2145 1580 2205 Beweise,
1612 2145 1668 2205 daß
1701 2147 1769 2207 eine
1795 2145 1952 2205 poetische
1978 2144 2123 2204 Predigt
2155 2145 2198 2205 ein

1201 2195 1331 2255 Unding
1357 2193 1425 2253 sey.

1243 2244 1301 2304 Im
1347 2242 1419 2302 8ten
1452 2242 1576 2302 Briese
1603 2243 1726 2303 werden
1766 2243 1968 2303 Herveys
2008 2244 2125 2304 Briefe
2159 2243 2216 2303 wie

1194 2294 1244 2354 der
1268 2292 1359 2352 Hrn.
1376 2289 1421 2349 D.
1445 2292 1621 2352 Ernesti
1645 2294 1753 2354 Kritik
1776 2295 1930 2355 gerettet.
1982 2297 2061 2357 Der
2084 2297 2135 2357 9te
2159 2299 2209 2359 ur¬

1255 2392 1329 2452 Der
1353 2390 1428 2450 13te
1452 2393 1619 2453 widerlegt
1643 2396 1840 2456 Boysens
1864 2396 2131 2456 Vermuthung,
2154 2397 2206 2457 daß

1205 2443 1343 2503 Paulus
1373 2440 1424 2500 der
1454 2445 1737 2505 Schriftgelehrte
1766 2443 1928 2503 gewesen,
1963 2443 2015 2503 der
2044 2441 2194 2501 Christum

1209 2494 1347 2554 versucht
1370 2491 1439 2551 hat.
1492 2494 1566 2554 Der
1596 2497 1664 2557 15te
1688 2497 1723 2557 ist
1747 2495 1815 2555 auch
1839 2491 1907 2551 noch
1937 2491 2098 2551 polemisch
2133 2491 2208 2551 über

1210 2544 1259 2604 des
1293 2539 1475 2599 Chevalier
1504 2544 1603 2604 d'Arc
1632 2545 1781 2605 Beweise
1809 2539 1909 2599 wider
1948 2539 2003 2599 das
2031 2539 2214 2599 natürliche

1199 2590 1389 2650 Verderben
1420 2594 1472 2654 des
1497 2596 1692 2656 Menschen.
1741 2590 1859 2650 Sonst
1878 2589 1972 2649 siehet
2003 2590 2073 2650 man
2110 2591 2216 2651 wohl,

1208 2643 1264 2703 daß
1299 2641 1349 2701 der
1372 2641 1439 2701 Hr.
1457 2646 1564 2706 Verf.
1581 2648 1643 2708 aus
1672 2643 1756 2703 einem
1802 2639 1971 2699 gerührten
2000 2639 2123 2699 Herzen
2164 2640 2208 2700 die

1209 2691 1421 2751 gefährlichen
1463 2697 1593 2757 Anfälle
1629 2696 1675 2756 der
1712 2692 1805 2752 neuen
1847 2690 2054 2750 Socinianer
2084 2689 2142 2749 hat
2167 2688 2219 2748 be¬

1217 2742 1334 2802 streiten
1363 2743 1504 2803 wollen.

1265 2793 1311 2853 Um
1358 2794 1424 2854 eine
1445 2796 1564 2856 Probe
1592 2792 1617 2852 zu
1651 2788 1778 2848 geben,
1798 2789 1910 2849 wollen
1944 2787 2004 2847 wir
2038 2785 2090 2845 den
2124 2787 2210 2847 Plan

1210 2847 1260 2907 des
1282 2846 1447 2906 Briefes,
1478 2848 1556 2908 über
1578 2847 1621 2907 die
1650 2841 1730 2901 neue
1759 2841 1816 2901 und
1853 2841 1997 2901 wichtige
2020 2838 2148 2898 Frage,
2171 2838 2220 2898 die

2148 2887 2205 2947 dem
