2479 3508
544 1202 673 1262 79tes
720 1201 887 1261 Stück.
957 1207 1178 1267 Freytag,
1226 1201 1294 1261 den
1340 1204 1385 1264 2.
1425 1201 1668 1261 November
1708 1207 1852 1267 1764.

580 1272 770 1332 Berlin.

200 1324 406 1384 Virnstiel
426 1327 531 1387 liefert
551 1327 606 1387 uns
632 1327 682 1387 des
714 1328 819 1388 Joh.
839 1324 1170 1384 Chrysostomus

178 1372 420 1432 Rede
457 1375 513 1435 von
554 1374 606 1434 der
638 1375 802 1435 Sorgfalt
834 1375 885 1435 für
922 1375 967 1435 die
994 1372 1179 1432 Seligkeit,

173 1426 248 1486 "aus
276 1425 324 1485 dem
363 1422 578 1482 Griechischen
606 1422 757 1482 übersetzt
779 1422 865 1482 nebst
888 1422 1011 1482 einigen
1039 1417 1179 1477 Anmer¬

155 1472 299 1532 "kungen
337 1473 417 1533 über
450 1470 503 1530 den
535 1467 664 1527 wahren
702 1470 884 1530 Character
911 1467 964 1527 der
992 1465 1168 1525 geistlichen

163 1524 451 1584 "Beredsamkeit,
472 1521 504 1581 38
536 1521 653 1581 Seiten
686 1521 711 1581 in
739 1518 818 1578 8vo.
883 1517 957 1577 Die
979 1515 1181 1575 Beredsam¬

161 1575 219 1635 keit
241 1576 288 1636 des
315 1572 607 1632 Güldenmunds,
634 1567 682 1627 die
704 1569 841 1629 bekannt
868 1566 969 1626 genug
991 1566 1054 1626 ist,
1081 1565 1171 1625 zeigt

163 1625 206 1685 sich
234 1625 260 1685 in
288 1624 380 1684 dieser
408 1622 494 1682 Rede
516 1622 581 1682 mit
603 1619 770 1679 besonderm
809 1619 906 1679 Feuer
934 1616 955 1676 in
983 1613 1161 1673 Gemälden

162 1679 211 1739 des
240 1677 384 1737 jüngsten
418 1673 574 1733 Gerichts
608 1672 668 1732 und
702 1671 802 1731 daher
831 1665 1025 1725 geschöpften
1059 1664 1176 1724 Erwe¬

160 1730 297 1790 ckungen
328 1730 375 1790 zur
400 1727 521 1787 Buße.
563 1726 617 1786 Es
648 1727 684 1787 ist
709 1724 792 1784 sonst
817 1722 876 1782 kein
907 1721 1058 1781 Thema,
1082 1718 1172 1778 keine

164 1781 418 1841 Abhandlung,
458 1778 593 1838 sondern
628 1775 719 1835 bloße
753 1777 905 1837 Malerey
940 1772 996 1832 von
1030 1772 1165 1832 Scenen

158 1821 224 1881 und
251 1822 365 1882 Affect.
414 1819 507 1879 Man
534 1817 652 1877 merket
675 1817 789 1877 leicht,
812 1817 869 1877 daß
896 1817 948 1877 der
975 1817 1037 1877 Hr.
1055 1815 1178 1875 Ueber¬

154 1867 268 1927 setzer,
293 1867 347 1927 der
368 1861 467 1921 genau
502 1861 561 1921 und
596 1860 655 1920 mit
681 1857 794 1917 Mühe
820 1852 973 1912 übersetzt
998 1852 1027 1912 zu
1063 1852 1161 1912 haben

158 1918 294 1978 scheint,
327 1908 507 1968 weswegen
545 1905 572 1965 er
605 1906 676 1966 auch
709 1902 932 1962 zweifelhafte
955 1898 1090 1958 Wörter
1118 1897 1144 1957 im

160 1966 346 2026 Grundtert
368 1957 569 2017 unterrücken
601 1955 720 2015 laßen,
741 1951 839 2011 dieses
871 1948 1036 2008 pitoreske
1057 1946 1166 2006 Stück

159 2019 231 2079 eben
259 2013 403 2073 gewählt
437 2008 542 2068 habe,
576 2005 609 2065 um
660 2005 742 2065 seine
759 2002 988 2062 Folgerungen
1022 1998 1076 2058 für
1105 1998 1159 2058 den

157 2067 284 2127 wahren
324 2057 501 2117 Character
530 2055 579 2115 der
613 2055 784 2115 geistlichen
818 2049 1068 2109 Beredsamkeit
1102 2049 1162 2109 aus

161 2121 214 2181 dem
258 2111 387 2171 Muster
410 2106 665 2166 herzunehmen.
698 2103 746 2163 Er
768 2102 957 2162 zergliedert
980 2100 1093 2160 vorher
1120 2100 1163 2160 die

159 2167 269 2227 Rede,
293 2161 397 2221 findet
421 2159 509 2219 Plan
544 2154 602 2214 und
632 2154 830 2214 Disposition
865 2151 1052 2211 natürlich,
1076 2151 1162 2211 ohne

159 2213 419 2273 Schulzwang,
458 2208 519 2268 das
553 2205 875 2265 Hauptaugenmerk
914 2202 991 2262 aber
1025 2202 1080 2262 auf
1114 2199 1163 2259 die

884 2249 1002 2309 Daher
1033 2252 1163 2312 schließt

156 2267 323 2327 Rührung
357 2261 412 2321 des
446 2252 619 2312 Gemüths
653 2252 819 2312 gerichtet.

147 2320 199 2380 der
229 2315 298 2375 Hr.
317 2307 533 2367 Uebersetzer:
587 2301 627 2361 1)
657 2300 744 2360 Man
786 2303 867 2363 sollte
897 2303 926 2363 in
956 2301 1155 2361 öffentlichen

158 2366 327 2426 geistlichen
356 2360 463 2420 Reden
498 2354 582 2414 mehr
605 2350 809 2410 ermahnen,
832 2351 1070 2411 aufmuntern,
1099 2348 1155 2408 ans

158 2420 245 2480 Herz
265 2414 383 2474 reden,
409 2411 459 2471 als
492 2401 585 2461 blos
617 2402 849 2462 unterrichten.
906 2399 1094 2459 Erbauung
1126 2400 1163 2460 ist

156 2464 206 2524 die
230 2461 444 2521 Hauptsache.
496 2453 534 2513 2)
570 2449 654 2509 Man
683 2448 738 2508 soll
757 2452 830 2512 nach
853 2452 903 2512 dem
949 2446 1079 2506 Muster
1102 2446 1152 2506 des

155 2511 488 2571 Chrysostomus
526 2499 584 2559 nur
606 2497 663 2557 das
685 2503 891 2563 anwenden,
918 2497 987 2557 was
1024 2494 1082 2554 auf
1109 2494 1156 2554 die

153 2560 303 2620 Zuhörer
322 2557 373 2617 den
403 2553 525 2613 meisten
555 2545 717 2605 Eindruck
741 2551 816 2611 hat,
846 2551 927 2611 ohne
945 2545 1095 2605 ängstlich
1119 2545 1148 2605 zu

157 2611 292 2671 sinnen,
321 2608 349 2668 ob
378 2605 422 2665 die
446 2602 536 2662 Rede
560 2596 667 2656 richtig
702 2602 889 2662 eingetheilt
918 2595 979 2655 und
1014 2593 1059 2653 die
1082 2592 1166 2652 Ma¬

158 2661 232 2721 terie
256 2655 406 2715 erschöpft
430 2652 493 2712 sey.
539 2643 614 2703 Der
638 2645 770 2705 Apostel
788 2649 897 2709 Reden
927 2643 1030 2703 waren
1060 2641 1157 2701 Geist

160 2714 214 2774 und
243 2706 366 2766 Leben,
395 2702 421 2762 ob
450 2700 490 2760 sie
512 2695 601 2755 gleich
629 2694 691 2754 kein
719 2698 843 2758 Thema
864 2698 967 2758 sagten
1002 2693 1063 2753 und
1099 2689 1160 2749 kei=

150 2769 191 2829 ne
216 2759 334 2819 Theile
365 2751 525 2811 nannten.
579 2743 619 2803 3)
650 2741 727 2801 Der
757 2748 870 2808 wahre
894 2745 1072 2805 Character
1103 2741 1155 2801 der

158 2815 330 2875 geistlichen
358 2799 605 2859 Beredsamkeit
627 2793 682 2853 ist,
710 2794 758 2854 daß
786 2798 826 2858 sie
848 2799 992 2859 einfaltig
1020 2795 1074 2855 und
1103 2792 1157 2852 un=

163 2865 335 2925 gekünstelt
359 2856 395 2916 sey
434 2852 448 2912 —
509 2847 644 2907 Einfalt
660 2847 719 2907 und
742 2847 900 2907 Majestät
923 2851 960 2911 ist
977 2851 1028 2911 das
1052 2845 1156 2905 wahre

1217 1276 1373 1336 Erhabne
1400 1276 1551 1336 derselben
1589 1273 1600 1333 —
1660 1275 1762 1335 Diese
1784 1277 2032 1337 Anmerkungen
2060 1279 2118 1339 sind
2141 1279 2210 1339 eben

1216 1324 1300 1384 keine
1331 1321 1552 1381 Neuerungen
1593 1322 1617 1382 in
1653 1324 1708 1384 der
1734 1324 1955 1384 Homiletick,
1985 1327 2055 1387 auch
2091 1326 2126 1386 an
2161 1328 2211 1388 sich

1215 1369 1299 1429 nicht
1320 1369 1401 1429 ohne
1421 1369 1511 1429 guten
1537 1370 1673 1430 Grund.
1698 1372 1789 1432 Doch
1814 1372 1920 1432 hätten
1951 1372 2010 1432 wir
2031 1374 2102 1434 gern
2127 1375 2217 1435 mehr

1210 1416 1516 1476 Einschränkungen
1548 1419 1611 1479 und
1638 1419 1759 1479 Regeln
1791 1419 1844 1479 der
1865 1421 2028 1481 Klugheit
2055 1422 2107 1482 bey
2145 1422 2197 1482 dem

1205 1464 1295 1524 ersten
1327 1464 1386 1524 und
1413 1467 1546 1527 zweyten
1573 1467 1674 1527 Satze
1696 1467 1829 1527 berüͤhrt
1851 1467 2000 1527 gesehen.
2048 1467 2096 1527 Es
2123 1470 2160 1530 ist
2182 1473 2208 1533 zu

1201 1512 1373 1572 fürchten,
1399 1515 1455 1575 daß
1481 1515 1572 1575 wenn
1603 1516 1668 1576 man
1705 1518 1751 1578 die
1771 1518 1867 1578 Lehre
1894 1517 1944 1577 von
1976 1518 2117 1578 Kanzeln
2148 1521 2219 1581 ver¬

1206 1560 1348 1620 weisen,
1370 1563 1475 1623 keinen
1513 1565 1628 1625 rechten
1655 1566 1835 1626 Hauptsatz
1857 1566 2010 1626 gleichsam
2053 1566 2105 1626 zum
2148 1569 2216 1629 Au¬

1200 1610 1372 1670 genpunkt
1398 1613 1565 1673 nehmen,
1601 1613 1659 1673 und
1694 1613 1768 1673 blos
1798 1613 1827 1673 in
1862 1613 1951 1673 einen
1991 1613 2099 1673 Strom
2149 1616 2208 1676 von

1205 1661 1358 1721 Wörtern
1396 1661 1453 1721 und
1486 1663 1628 1723 Bildern
1672 1661 1899 1721 ausschweifen
1942 1664 2074 1724 wollte,
2112 1667 2212 1727 junge

1205 1715 1329 1775 feurige
1353 1715 1460 1775 Köpfe
1478 1715 1536 1775 auf
1561 1717 1607 1777 dem
1650 1715 1886 1775 Predigtstuhl
1905 1718 2112 1778 schwärmen,
2136 1718 2206 1778 halb

1203 1769 1366 1829 poetisiren
1407 1769 1463 1829 und
1497 1769 1621 1829 anstatt
1645 1769 1701 1829 den
1735 1770 1882 1830 Zuhörer
1911 1772 1939 1832 zu
1979 1772 2216 1832 durchglühen,

1209 1817 1257 1877 ihn
1290 1815 1348 1875 aus
1371 1817 1445 1877 aller
1468 1817 1613 1877 Haltung
1640 1819 1769 1879 bringen
1802 1819 1958 1879 möchten.
2007 1819 2098 1879 Man
2126 1822 2211 1882 wür¬

1202 1852 1239 1912 de
1263 1852 1308 1912 ihn
1342 1852 1523 1912 erschüttern
1557 1855 1626 1915 aber
1649 1857 1733 1917 nicht
1757 1858 1892 1918 bessern.
1948 1861 2022 1921 Der
2056 1864 2213 1924 Einfälti¬

1200 1899 1236 1959 ge
1258 1898 1390 1958 heulet,
1423 1900 1507 1960 ohne
1539 1900 1586 1960 die
1619 1900 1750 1960 Ursache
1778 1903 1809 1963 zu
1847 1903 1947 1963 wissen
1984 1903 2058 1963 oder
2085 1909 2143 1969 tief
2170 1914 2201 1974 zu

1198 1945 1404 2005 empfinden.
1453 1948 1577 2008 Daher
1605 1948 1685 2008 geht
1708 1949 1739 2009 er
1767 1951 1793 2011 so
1827 1951 1918 2011 leicht
1951 1951 2005 2011 von
2044 1958 2200 2018 Thränen

1201 1996 1253 2056 zum
1296 1996 1402 2056 Lachen
1434 1996 1523 2056 über.
1550 1996 1624 2056 Der
1646 1999 1825 2059 Freygeist,
1836 1999 1883 2059 den
1915 2002 1983 2062 man
2011 2002 2068 2062 mit
2090 2007 2195 2067 bloßen

1199 2045 1384 2105 Gemälden
1412 2043 1437 2103 z.
1454 2045 1501 2105 E.
1517 2043 1576 2103 von
1603 2047 1756 2107 Himmel
1778 2049 1835 2109 und
1862 2051 1958 2111 Hölle
1979 2052 2096 2112 ändern
2128 2056 2207 2116 wol¬

1194 2094 1246 2154 te,
1274 2095 1353 2155 wird
1374 2094 1538 2154 entweder
1560 2097 1746 2157 ungerührt
1767 2100 1915 2160 bleiben,
1942 2100 1989 2160 die
2011 2100 2122 2160 Sache
2149 2107 2196 2167 für

1202 2145 1285 2205 einen
1318 2142 1457 2202 Popanz
1480 2148 1613 2208 halten,
1642 2149 1702 2209 und
1736 2151 1897 2211 höchstens
1931 2151 1980 2211 den
2009 2151 2125 2211 Pinsel
2148 2155 2203 2215 des

1200 2196 1342 2256 Redners
1370 2196 1591 2256 bewundern,
1618 2199 1692 2259 oder
1719 2199 1766 2259 die
1793 2202 1957 2262 Rührung
1984 2202 2052 2262 bald
2079 2205 2195 2265 wieder

1197 2246 1384 2306 verrauchen
1413 2243 1523 2303 laßen.
1562 2249 1645 2309 Viel
1663 2252 1906 2312 Bilderreiches
1928 2253 2033 2313 macht
2056 2255 2105 2315 ihm
2145 2256 2194 2316 den

1195 2294 1361 2354 Verdacht
1378 2294 1427 2354 der
1450 2297 1594 2357 Fiction.
1628 2300 1688 2360 So
1711 2302 1827 2362 könnte
1850 2300 1893 2360 die
1916 2304 2065 2364 feurigste
2094 2306 2198 2366 Rede,

1200 2345 1248 2405 die
1270 2342 1351 2402 nicht
1373 2342 1480 2402 Maaß
1514 2348 1546 2408 zu
1579 2351 1681 2411 halten
1720 2351 1827 2411 weiß,
1855 2354 1925 2414 eben
1969 2354 2007 2414 ein
2045 2354 2071 2414 so
2099 2357 2196 2417 leeres

1194 2393 1393 2453 Geschwätze
1416 2394 1572 2454 werden,
1595 2399 1642 2459 als
1670 2402 1713 2462 ein
1740 2402 2010 2462 philosophisches
2038 2402 2199 2462 Gewebe.

1190 2443 1265 2503 Wir
1293 2440 1461 2500 bescheiden
1494 2447 1554 2507 uns
1576 2449 1684 2509 gern,
1718 2452 1771 2512 daß
1805 2452 1875 2512 eine
1903 2449 1984 2509 pure
2001 2449 2196 2509 Dogmatick

1195 2494 1265 2554 oder
1290 2490 1454 2550 Polemick
1478 2494 1537 2554 auf
1561 2500 1703 2560 Kanzeln
1733 2500 1821 2560 mehr
1851 2499 1897 2559 ein
1922 2497 2104 2557 Buchstabe
2134 2501 2198 2561 sey,

1189 2542 1242 2602 der
1269 2542 1301 2602 da
1322 2542 1449 2602 tödtet,
1471 2544 1524 2604 als
1546 2549 1694 2609 lebendig
1716 2548 1859 2608 machet;
1897 2545 1960 2605 wir
1993 2545 2088 2605 geben
2120 2551 2189 2611 auch

1194 2594 1256 2654 zu,
1279 2588 1335 2648 daß
1364 2590 1408 2650 die
1432 2596 1612 2656 Erbauung
1652 2599 1702 2659 das
1737 2594 1962 2654 vorzüglichste
1985 2598 2188 2658 Augenmerk

1189 2639 1242 2699 des
1269 2639 1443 2699 geistlichen
1481 2646 1634 2706 Redners
1666 2646 1730 2706 seyn
1768 2643 1889 2703 müsse:
1922 2645 1985 2705 nur
2017 2649 2186 2709 verlangen

1190 2688 1250 2748 wir
1273 2688 1366 2748 theils
1395 2691 1461 2751 eine
1484 2697 1572 2757 reine
1595 2694 1755 2754 Flamme,
1773 2692 1827 2752 kein
1856 2694 2049 2754 brausendes
2078 2700 2199 2760 Feuer,

1189 2738 1283 2798 theils
1322 2740 1483 2800 wünschen
1528 2746 1612 2806 wir,
1646 2745 1706 2805 daß
1746 2742 1829 2802 nicht
1857 2744 1951 2804 allein
1996 2745 2046 2805 der
2080 2748 2196 2808 größte

1195 2787 1298 2847 Theil
1322 2787 1374 2847 der
1404 2796 1577 2856 Zuhörer,
1607 2793 1734 2853 welches
1763 2791 1855 2851 Leute
1886 2796 1977 2856 sind,
2001 2796 2094 2856 denen
2129 2797 2192 2857 ans

1189 2841 1279 2901 Herz
1297 2841 1427 2901 geredet
1450 2847 1575 2907 werden
1610 2847 1706 2907 muß,
1735 2844 1900 2904 sondern,
1929 2847 1956 2907 so
1991 2847 2059 2907 viel
2082 2847 2201 2907 immer

2097 2897 2201 2957 mög¬
