2479 3508
178 366 243 426 Und
270 366 388 426 stürzt,
415 364 427 424 —
488 357 559 417 noch
586 354 692 414 stürzt
712 351 738 411 er
765 348 849 408 nicht
870 351 876 411 —
936 350 1007 410 doch
1035 350 1106 410 eben
1133 347 1192 407 wil

800 410 852 470 ers
877 411 1018 471 wagen,

178 500 236 560 So
267 497 392 557 kommt
415 494 466 554 der
496 491 599 551 Fuchs
630 488 688 548 und
726 485 799 545 kann
837 487 896 547 vor
926 488 1059 548 Keichen
1089 486 1163 546 kaum

826 547 904 607 noch
935 548 1019 608 sagen

183 631 255 691 Die
280 625 385 685 Jäger
410 622 572 682 kommen,
597 621 686 681 lauf!
711 617 718 677 —
776 620 857 680 Wie
874 622 930 682 lief
955 622 1003 682 der
1020 622 1092 682 Affe
1101 619 1181 679 nicht

173 703 243 763 Und
267 702 371 762 dachte
401 697 483 757 nicht
501 697 594 757 mehr
618 695 676 755 ans
700 695 886 755 Ersäufen.

178 858 243 918 Jhr
263 851 309 911 die
329 849 368 909 ihr
389 846 467 906 recht
487 843 579 903 drauf
599 843 691 903 sinnt,
699 843 757 903 euch
784 843 869 903 euren
896 846 988 906 Gram
1021 843 1047 903 zu
1067 845 1179 905 häufen

419 1034 609 1094 Berlin,
640 1032 696 1092 den
737 1034 802 1094 10.
832 1034 927 1094 Nov,

225 1088 301 1148 Se.
315 1086 398 1146 Exc.
419 1087 467 1147 der
495 1084 634 1144 Rußisch
656 1082 807 1142 Kaiserl.
829 1080 1057 1140 Großkanzler
1093 1082 1182 1142 Graf

185 1141 236 1201 von
272 1138 502 1198 Woronzow,
532 1133 670 1193 begaben
711 1132 757 1192 sich
792 1132 843 1192 den
879 1132 947 1192 7ten
989 1133 1080 1193 dieses
1110 1133 1179 1193 nach

179 1190 328 1250 Potsdam
371 1187 400 1247 zu
430 1184 519 1244 Jhro
544 1181 633 1241 Maj.
646 1180 693 1240 dem
735 1178 878 1238 Könige,
903 1181 1040 1241 machten
1065 1181 1195 1241 Höchst=

176 1234 340 1294 denselben
372 1230 419 1290 des
446 1228 595 1288 Mittags
622 1225 711 1285 Cour
744 1225 807 1285 und
839 1228 966 1288 wurden
1004 1228 1056 1288 zur
1083 1228 1183 1288 Tafel

179 1281 344 1341 gezogen.
389 1273 472 1333 Des
500 1276 633 1336 Abends
666 1273 777 1333 wurde
800 1273 849 1333 die
883 1276 988 1336 Opera
1022 1276 1182 1336 Comique

176 1330 226 1390 die
244 1326 374 1386 Narren
409 1324 466 1384 vor
489 1324 597 1384 Liebe,
621 1321 677 1381 auf
700 1321 751 1381 dem
786 1324 1099 1384 Schloßschauplatz
1117 1321 1190 1381 auf¬

177 1377 347 1437 geführet.
421 1372 501 1432 Sr.
518 1372 597 1432 Exc.
627 1369 750 1429 reiseten
791 1372 813 1432 in
854 1372 904 1432 der
934 1372 1046 1432 Nacht
1064 1369 1182 1429 wieder

178 1431 229 1491 von
259 1422 409 1482 Potsdam
451 1419 508 1479 ab.
567 1419 642 1479 Sr.
660 1419 759 1479 Maj.
782 1419 828 1479 der
858 1416 962 1476 König
992 1416 1090 1476 haben
1120 1416 1177 1476 aus

176 1471 470 1531 allerhöchsteigner
498 1464 687 1524 Bewegung
716 1467 771 1527 gut
794 1466 949 1526 befunden
978 1464 1027 1524 zur
1061 1461 1188 1521 Besor¬

179 1529 257 1589 gung
287 1524 337 1584 der
361 1519 548 1579 Geldrisch=
566 1515 627 1575 und
656 1515 867 1575 Meursischen
896 1512 1179 1572 Domainensteur

177 1577 238 1637 und
272 1571 517 1631 Policeysachen
557 1566 595 1626 ein
635 1564 802 1624 besonders
836 1563 936 1623 neues
970 1563 1181 1623 combinirtes

176 1624 335 1684 Krieges=
357 1621 415 1681 und
448 1614 810 1674 Domainencollegium
858 1613 916 1673 von
949 1612 1087 1672 Geldern
1119 1609 1182 1669 und

179 1674 300 1734 Meurs
337 1672 365 1732 in
400 1670 452 1730 der
477 1667 592 1727 Stadt
622 1665 743 1725 Meurs
780 1664 1018 1724 anzuordnen,
1047 1661 1181 1721 welches

182 1727 235 1787 sein
290 1727 373 1787 Amt
410 1724 476 1784 und
519 1718 783 1778 Verrichtungen
838 1718 898 1778 mit
941 1717 994 1777 dem
1067 1715 1181 1775 Junio

179 1780 273 1840 1765
305 1778 461 1838 anfangen
500 1773 600 1833 wird.
651 1772 726 1832 Bey
758 1772 851 1832 diesem
903 1771 1047 1831 Collegio
1079 1769 1173 1829 haben

188 1826 274 1886 Ihro
301 1822 398 1882 Maj.
431 1822 478 1882 den
517 1819 646 1879 bishero
679 1818 710 1878 an
749 1820 802 1880 der
824 1819 1002 1879 Clevischen
1029 1819 1185 1879 Krieges¬

178 1872 241 1932 und
269 1864 617 1924 Domainenkammer
649 1861 816 1921 stehenden
862 1858 951 1918 Hrn.
979 1858 1173 1918 Kriegsrath

179 1921 233 1981 von
273 1914 434 1974 Derschau
479 1910 528 1970 als
556 1906 644 1966 Chef
673 1906 734 1966 und
768 1903 922 1963 Director
957 1900 1189 1960 allergnädigst

172 1966 398 2026 angeordnet,
427 1960 483 2020 und
512 1957 563 2017 ihm
603 1954 693 2014 dabey
722 1953 773 2013 den
802 1951 977 2011 Charakter
1012 1951 1096 2011 eines
1131 1948 1181 2008 ge¬

178 2023 301 2083 heimen
331 2010 443 2070 Raths
473 2005 637 2065 ertheitet.
709 2002 785 2062 Sr.
810 2002 903 2062 Maj.
928 1999 1027 2059 haben
1063 1999 1086 2059 in
1122 1998 1186 2058 die¬

179 2073 220 2133 sem
263 2065 369 2125 Jahre
394 2056 506 2116 wieder
537 2053 733 2113 ansehnliche
758 2052 918 2112 Prämien
943 2049 995 2109 für
1026 2049 1180 2109 diejenige

181 2117 339 2177 Prediger
362 2108 424 2168 und
453 2104 731 2164 Schulbedienten
760 2103 782 2163 in
811 2103 863 2163 der
886 2102 1084 2162 Churmark,
1107 2100 1186 2160 wel¬

178 2172 224 2232 che
242 2166 293 2226 sich
323 2163 351 2223 in
393 2154 613 2214 vorzüglicher
636 2152 972 2212 Seidengewinnung
1008 2151 1181 2211 hervorge¬

182 2222 252 2282 than
282 2213 411 2273 haben,
442 2208 476 2268 an
512 2203 570 2263 20,
589 2205 647 2265 30,
666 2205 724 2265 50,
737 2205 801 2265 60,
825 2205 890 2265 und
920 2202 984 2262 100
1020 2202 1119 2262 Rthl.
1144 2201 1172 2261 zu

185 2266 323 2326 fernerer
342 2255 602 2315 Aufmunterung
631 2252 730 2312 dieser
754 2252 805 2312 dem
841 2255 938 2315 Lande
962 2252 990 2312 so
1009 2252 1176 2312 nützlichen

186 2322 294 2382 Sache
318 2310 501 2370 austheilen
531 2300 639 2360 laßen.

407 2357 614 2417 Leipzig,
644 2351 701 2411 den
737 2351 800 2411 27.
829 2351 950 2411 Octob.

230 2414 303 2474 Der
328 2407 622 2467 Winzer=Beedler
647 2398 671 2458 in
703 2399 831 2459 Siptitz
856 2401 1002 2461 ohnweit
1028 2399 1187 2459 Torgau,

177 2466 238 2526 hat
263 2464 287 2524 in
319 2461 410 2521 diesem
454 2455 546 2515 Jahr
571 2447 750 2507 vorzüglich
769 2451 855 2511 guten
880 2450 1095 2510 Brandtwein
1121 2446 1169 2506 von

176 2513 282 2573 lauter
303 2509 456 2569 Birnen,
478 2502 562 2562 ohne
584 2497 706 2557 Zuthat
733 2497 791 2557 von
818 2500 981 2560 Getreyde
1008 2497 1188 2557 gebrannt.

184 2563 263 2623 Auch
286 2558 342 2618 hat
365 2557 405 2617 ein
434 2551 581 2611 ohnweit
598 2545 688 2605 davon
717 2551 909 2611 wohnender
927 2548 1057 2608 Müller
1069 2548 1187 2608 Franz¬

178 2608 378 2668 brandtwein
409 2598 715 2658 gleichkommenden
751 2599 804 2659 aus
834 2596 1182 2656 Borstdorferäpfeln,

178 2661 277 2721 jedoch
305 2655 364 2715 mit
385 2652 438 2712 der
465 2650 578 2710 Hälfte
606 2646 739 2706 Moisch
767 2649 986 2709 (Getraide)
1007 2645 1180 2705 gebrannt.

184 2711 251 2771 Auf
275 2705 359 2765 einem
411 2700 501 2760 Gute
530 2694 677 2754 ohnweit
706 2695 835 2755 Oschatz
870 2700 932 2760 sind
961 2696 1074 2756 Hecken
1114 2694 1170 2754 von

182 2756 419 2816 Berbisbeeren
448 2748 510 2808 mit
528 2748 578 2808 dem
619 2742 714 2802 besten
743 2747 907 2807 Forkgang
936 2747 1089 2807 angelegt
1095 2745 1180 2805 wor¬

184 2816 255 2876 den.
301 2805 366 2865 Da
399 2799 457 2859 das
484 2796 568 2856 Holz
595 2793 842 2853 schnellwüchsig
869 2799 934 2859 und
954 2798 1110 2858 stachlicht
1130 2796 1181 2856 ist,

173 2863 246 2923 auch
272 2858 364 2918 dichte
383 2849 513 2909 wächst,
538 2847 568 2907 so
594 2844 698 2904 dienen
736 2846 816 2906 diese
841 2847 958 2907 Hecken
996 2847 1094 2907 theils
1120 2847 1169 2907 zur

177 2918 294 2978 Zierde
315 2912 376 2972 und
405 2906 494 2966 theils
522 2903 569 2963 zur
605 2894 831 2954 Verwahrung
860 2898 955 2958 gegen
998 2902 1052 2962 das
1074 2898 1183 2958 Vieh.

1233 345 1298 405 Und
1332 345 1384 405 bey
1411 345 1608 405 verzogenem
1655 350 1786 410 Gesicht

1225 419 1345 479 Nichts
1370 419 1454 479 seht,
1472 419 1521 479 als
1546 419 1611 479 was
1642 422 1708 482 euch
1733 425 1842 485 quälen
1873 425 1987 485 könnte

1227 494 1344 554 Nichts
1369 493 1457 553 hört,
1481 494 1533 554 als
1557 494 1622 554 was
1652 496 1716 556 euch
1746 497 1828 557 keine
1852 499 1952 559 Ruhe
1970 497 2087 557 gönnte

1226 568 1305 628 Euch
1332 569 1431 629 fehlet
1452 569 1551 629 nichts
1585 569 1631 629 als
1665 569 1805 629 wirklich
1832 569 1931 629 Elend
1965 571 2024 631 nur

1229 643 1297 703 Jhr
1321 643 1413 703 wollt
1431 641 1610 701 geschüttelt
1628 643 1726 703 seyn,
1756 643 1813 703 und
1848 643 2009 703 drohende
2033 645 2200 705 Gefahren

1225 718 1297 778 Die
1315 715 1436 775 werden
1467 715 1533 775 euch
1564 715 1617 775 vor
1642 715 1769 775 Grillen
1800 715 1878 775 schon
1909 716 2102 776 bewahren.

1276 789 1388 849 Kostet
1412 789 1434 849 in
1463 789 1700 849 vorbemeldten
1729 792 1938 852 Kanterschen
1967 792 2233 852 Buchhandlun=

1224 845 1284 905 gen
1321 840 1362 900 21
1394 840 1447 900 gr.

1405 1031 1772 1091 Braunschweig,
1800 1031 1853 1091 den
1887 1031 1953 1091 28.
1981 1025 2060 1085 Oct.

1274 1079 1331 1139 Da
1361 1079 1452 1139 gegen
1488 1082 1533 1142 die
1557 1082 1747 1142 graßirende
1783 1079 2060 1139 Hornviehseuche
2095 1073 2141 1133 bis
2170 1073 2227 1133 itzo

1229 1130 1293 1190 kein
1321 1130 1446 1190 sicheres
1473 1130 1689 1190 Huͤlfsmittel
1712 1130 1858 1190 erfunden
1885 1127 2031 1187 worden,
2054 1124 2232 1184 immittelst

1228 1181 1305 1241 aber
1326 1181 1377 1241 der
1398 1179 1583 1239 Landmann
1614 1178 1701 1238 einen
1733 1178 1845 1238 großen
1882 1175 2015 1235 Verlust
2042 1172 2232 1232 empfindet,

1228 1228 1359 1288 welchen
1397 1225 1476 1285 ohne
1508 1225 1576 1285 eine
1603 1225 1772 1285 Beyhülfe
1804 1223 1830 1283 zu
1867 1221 1988 1281 ersetzen
2026 1219 2120 1279 vielen
2158 1219 2225 1279 sehr

1232 1276 1340 1336 schwer
1372 1273 1464 1333 fällt,
1496 1272 1558 1332 und
1590 1270 1688 1330 daher
1725 1270 1771 1330 die
1802 1267 2145 1327 Wiederanschaffung
2177 1267 2228 1327 des

1229 1321 1378 1381 nöthigen
1402 1318 1545 1378 Viehes,
1574 1318 1673 1378 öfters
1702 1321 1768 1381 nach
1797 1318 1919 1378 einigen
1947 1315 2075 1375 Jahren
2109 1315 2163 1375 erst
2186 1315 2236 1375 ge=

1228 1369 1374 1429 schiehet,
1412 1367 1564 1427 wodurch
1598 1369 1674 1429 aber
1701 1369 1755 1429 der
1788 1366 1918 1426 Schade
1952 1366 2055 1426 wegen
2088 1366 2223 1426 Abgang

1228 1416 1280 1476 des
1302 1413 1450 1473 Nutzens
1477 1416 1593 1476 immer
1615 1414 1731 1474 größer
1752 1413 1852 1473 wird,
1874 1415 1900 1475 so
1932 1413 2011 1473 wird
2038 1413 2106 1473 hier
2133 1413 2233 1473 ange¬

1232 1464 1329 1524 fragt,
1353 1464 1387 1524 ob
1417 1464 1446 1524 es
1469 1464 1555 1524 nicht
1573 1466 1637 1526 sehr
1666 1467 1723 1527 gut
1747 1464 1804 1524 und
1840 1462 1966 1522 nützlich
2002 1462 2071 1522 seyn
2106 1464 2232 1524 würde,

1228 1512 1312 1572 wenn
1343 1512 1393 1572 bey
1424 1512 1473 1572 der
1499 1515 1594 1575 leider
1615 1513 1866 1573 fortdaurenden
1892 1512 2022 1572 Seuche
2048 1512 2138 1572 unter
2153 1512 2203 1572 dem

1223 1560 1397 1620 Hornvieh
1435 1563 1593 1623 entweder
1630 1563 1678 1623 der
1715 1564 1900 1624 Landmann
1937 1563 2128 1623 überhaupt
2155 1562 2222 1622 oder

1228 1610 1297 1670 aber
1323 1609 1368 1669 die
1399 1610 1565 1670 Beamten
1596 1610 1625 1670 im
1671 1612 1777 1672 Lande
1797 1611 1973 1671 zusammen
2009 1610 2135 1670 treten,
2166 1610 2220 1670 und

1229 1661 1280 1721 ihr
1303 1661 1466 1721 Hornvich
1495 1662 1647 1722 einander
1671 1661 1902 1721 solchergestalt
1920 1661 2139 1721 assecurirten,
2163 1661 2218 1721 daß

1232 1715 1299 1775 der,
1328 1715 1401 1775 oder
1425 1715 1622 1775 diejenigen,
1645 1715 1758 1775 welche
1781 1715 1877 1775 dieses
1906 1715 2047 1775 Unglück
2076 1712 2222 1772 betreffen

1233 1767 1342 1827 würde
1364 1768 1419 1828 von
1447 1769 1494 1829 der
1523 1769 1729 1829 Gesellschaft
1751 1772 1805 1832 den
1834 1769 1985 1829 gehabten
2013 1766 2164 1826 Schaden
2186 1765 2233 1825 er=

1231 1819 1296 1879 setzt
1321 1819 1489 1879 erhielten.

1384 1861 1752 1921 Nieder=Rhein,
1777 1863 1829 1923 den
1868 1864 1930 1924 24.
1954 1864 2078 1924 Octob.

1273 1900 1392 1960 Wegen
1422 1903 1507 1963 eines
1532 1903 1589 1963 von
1619 1906 1671 1966 dem
1710 1906 1820 1966 großen
1854 1906 1979 1966 Haufen
2013 1909 2223 1969 sogenannten

1229 1948 1459 2008 Blutregens,
1485 1951 1615 2011 welcher
1636 1952 1685 2012 den
1716 1954 1786 2014 9ten
1817 1954 1906 2014 dieses
1932 1954 1962 2014 zu
1993 1954 2087 2014 Cleve
2108 1956 2133 2016 in
2174 1958 2223 2018 der

1223 1996 1377 2056 Provinz
1398 1999 1527 2059 Utrecht
1548 1999 1610 2059 und
1636 2002 1770 2062 anderer
1791 2002 1888 2062 Orten
1920 2002 2049 2062 gefallen
2085 2003 2142 2063 ist,
2173 2007 2229 2067 sie¬

1231 2047 1278 2107 het
1300 2049 1362 2109 man
1395 2046 1442 2106 itzt
1469 2049 1532 2109 eine
1554 2049 1786 2109 umständliche
1809 2049 2009 2109 Nachricht,
2036 2049 2083 2109 die
2105 2049 2158 2109 der
2185 2052 2231 2112 be¬

1223 2097 1352 2157 rühmte
1387 2097 1544 2157 Clevische
1574 2098 1658 2158 Arzt
1681 2100 1749 2160 Hr.
1772 2101 1816 2161 D.
1834 2100 1981 2160 Schütte
2010 2100 2060 2160 der
2089 2100 2224 2160 jüngere

1224 2148 1284 2208 mit
1307 2148 1356 2208 dem
1395 2147 1516 2207 Wasser
1545 2148 1639 2208 dieses
1667 2151 1794 2211 Regens
1823 2151 2005 2211 angestellet
2023 2151 2094 2211 hat.
2117 2153 2232 2213 Nach¬

1229 2199 1277 2259 dem
1315 2196 1412 2256 dieser
1434 2199 1568 2259 gelehrte
1590 2200 1801 2260 Untersucher
1829 2200 2033 2260 angemerket
2061 2199 2136 2259 hat,
2163 2203 2217 2263 daß

1224 2248 1384 2308 gedachter
1407 2246 1518 2306 Regen
1552 2249 1579 2309 zu
1608 2251 1707 2311 Cleve
1725 2252 1786 2312 mit
1809 2251 1892 2311 einem
1937 2250 2231 2310 Südwestenwin=

1229 2294 1255 2354 de
1282 2294 1361 2354 nicht
1388 2296 1419 2356 an
1451 2297 1525 2357 allen
1552 2300 1678 2360 Stellen
1711 2302 1832 2362 gleich,
1853 2302 1985 2362 sondern
2023 2300 2075 2360 vor
2097 2301 2218 2361 einigen

1229 2346 1372 2406 Häusern
1400 2348 1559 2408 hellroth,
1588 2350 1648 2410 und
1670 2351 1753 2411 schon
1786 2354 1890 2414 hinter
1913 2351 2073 2411 denselben
2101 2353 2144 2413 als
2173 2353 2227 2413 ge=

1223 2396 1377 2456 wöhnlich
1405 2395 1482 2455 weiß
1510 2399 1643 2459 gefallen
1671 2404 1743 2464 sey,
1765 2405 1792 2465 so
1821 2402 1937 2462 meldet
1954 2399 1981 2459 er
2004 2399 2059 2459 von
2098 2402 2230 2462 demsel¬

1224 2446 1274 2506 ben
1314 2444 1540 2504 hauptsächlich
1574 2452 1766 2512 folgendes:
1812 2452 1857 2512 Es
1891 2446 1981 2506 hatte
2004 2447 2100 2507 dieses
2129 2449 2218 2509 rothe

1223 2494 1347 2554 Wasser
1369 2494 1450 2554 einen
1484 2497 1619 2557 fremden
1646 2502 1793 2562 Geruch,
1820 2500 1884 2560 war
1907 2497 1950 2557 ein
1978 2496 2080 2556 wenig
2108 2497 2232 2557 zusam¬

1224 2545 1461 2605 menziehend,
1496 2551 1558 2611 und
1587 2553 1750 2613 schmeckte
1779 2550 1847 2610 nach
1882 2545 2057 2605 verfaultem
2109 2547 2227 2607 Holze.

1229 2595 1335 2655 Durch
1359 2596 1560 2656 Loschpapier
1585 2600 1649 2660 sehr
1679 2599 1756 2659 stark
1774 2597 1885 2657 filtrirt
1905 2595 1957 2655 hat
1981 2596 2004 2656 es
2029 2596 2105 2656 seine
2124 2599 2223 2659 Farbe

1227 2643 1401 2703 behalten,
1436 2646 1498 2706 und
1539 2651 1623 2711 keine
1657 2648 1884 2708 Unreinigkeit
1918 2643 1946 2703 in
1987 2644 2037 2704 dem
2094 2646 2218 2706 Papier

1227 2694 1458 2754 nachgelaßen.
1505 2702 1661 2762 Nachdem
1703 2696 1771 2756 man
1795 2694 1830 2754 es
1859 2694 1916 2754 mit
1940 2694 2131 2754 Laugensalz
2161 2694 2229 2754 (al-

1224 2742 1311 2802 cali)
1329 2745 1494 2805 vermischt
1528 2751 1606 2811 hat,
1634 2748 1672 2808 ist
1695 2745 1850 2805 darinnen
1889 2745 1978 2805 keine
2006 2745 2222 2805 Effervescenz

1223 2793 1294 2853 oder
1317 2793 1509 2853 Aufsiedung
1543 2797 1681 2857 bemerkt
1704 2796 1858 2856 worden;
1881 2795 1914 2855 es
1937 2793 1975 2853 ist
1998 2796 2125 2856 dasselbe
2147 2796 2219 2856 auch

1223 2844 1308 2904 nicht
1325 2845 1421 2905 trübe
1444 2849 1636 2909 geworden,
1665 2847 1721 2907 und
1750 2845 1805 2905 hat
1829 2844 1924 2904 keinen
1959 2844 2139 2904 Bodensatz
2157 2845 2213 2905 von

1220 2897 1366 2957 irdischen
1400 2900 1532 2960 Theilen
1560 2900 1765 2960 bekommen.
1793 2897 1885 2957 Nach
1913 2897 1965 2957 der
1986 2894 2219 2954 Vermischung

2157 2944 2230 3004 mit
