2479 3508
245 297 360 357 streitet
383 297 428 357 die
456 296 650 356 Tapferkeit
667 294 728 354 mit
757 294 812 354 der
834 294 979 354 Natur,
1007 291 1168 351 Legionen
1207 291 1262 351 wi¬

241 348 292 408 der
324 348 370 408 ein
397 348 572 408 Element,
604 343 707 403 wider
739 344 790 404 das
822 342 915 402 Reich
951 342 1003 402 des
1030 342 1262 402 Verderbens.

237 394 312 454 Sie
335 395 509 455 kåmpfen,
537 395 575 455 sie
597 393 733 453 beeifern
761 392 837 452 sich,
864 392 891 452 so
919 389 1115 449 entbrandt,
1143 390 1170 450 so
1198 391 1268 451 mu¬

240 445 336 505 thig,
359 445 409 505 als
433 443 478 503 die
502 443 677 503 Trophäen
718 442 769 502 des
792 443 945 503 Vulcans
980 441 1077 501 ihnen
1112 440 1253 500 zwiefach

244 493 335 553 mehr
352 491 438 551 Ehre
461 494 596 554 bringen
624 491 737 551 sollen,
755 491 803 551 als
831 491 879 551 der
901 491 1037 551 Lorbeer
1059 488 1113 548 des
1141 491 1265 551 Mars.

247 542 319 602 Sie
353 545 585 605 verdoppeln,
619 544 663 604 sie
697 542 962 602 vervielfältigen
1002 539 1079 599 sihre
1113 539 1262 599 Anzahl.

244 594 330 654 Aber
352 592 515 652 umsonst.
564 589 634 649 Die
667 592 874 652 hartnäckige
902 589 988 649 Wut
1016 589 1069 649 des
1102 589 1259 649 Gegners

250 643 465 703 triumphiret
509 640 589 700 über
623 641 714 701 ihren
758 640 860 700 Muth
904 640 968 700 und
1012 640 1081 700 ihre
1114 637 1265 697 Waffen.

246 693 375 753 Sieger
401 691 521 751 werden
547 688 702 748 besieget,
729 691 791 751 und
817 690 868 750 die
890 690 936 750 nie
968 688 1076 748 fliehen
1113 690 1268 750 gelernet,

250 741 382 801 weichen
417 742 488 802 hier
511 739 694 799 menschlich
728 741 789 801 und
823 741 984 801 rühmlich
1006 739 1116 799 zurück

251 789 329 849 Nun
370 789 398 849 so
432 789 546 849 steiget
581 789 672 849 herab
712 789 762 849 ihr
792 789 928 849 Engel!
951 789 1007 849 ihr
1042 789 1127 849 durch
1168 784 1258 844 euren

248 840 428 900 mächtigen
469 837 593 897 Dienst
627 840 723 900 denen
758 837 933 897 Menschen
979 837 1092 897 heilige
1126 836 1272 896 Wesen!

252 888 443 948 Erscheinet
472 888 585 948 theure
619 888 777 948 Geister,
800 888 856 948 zur
891 888 1020 948 Hülfe!
1060 886 1077 946 o
1106 885 1269 945 verziehet

249 939 360 999 nicht:
391 939 419 999 es
462 938 497 998 ist
533 939 603 999 hier
639 939 716 999 alles
752 939 941 999 Jammer!
983 936 1059 996 alles
1102 936 1272 996 Verzwei¬

246 990 395 1050 felung!

670 1034 863 1094 unglücklich
905 1031 1063 1091 genung,
1099 1034 1157 1094 von
1199 1031 1251 1091 dem

298 1036 398 1096 Ach!

257 1085 435 1145 strafenden
468 1082 625 1142 Himmel
647 1083 700 1143 zur
728 1082 1031 1142 Nothwendigkeit
1059 1082 1091 1142 zu
1130 1082 1270 1142 weinen,

257 1136 342 1196 recht
371 1136 557 1196 ausersehen
597 1133 630 1193 zu
659 1133 760 1193 seyn!
801 1130 885 1190 Eine
914 1130 987 1190 halb
1021 1130 1077 1190 aus
1112 1130 1264 1190 Vorwitz

255 1186 325 1246 halb
363 1187 422 1247 aus
455 1184 541 1244 edlem
591 1183 715 1243 Triebe
748 1181 1067 1241 zusammengesetzte
1100 1181 1267 1241 Begierde

248 1237 350 1297 lehrte
373 1234 418 1294 die
442 1234 646 1294 Menschen,
676 1231 721 1291 die
744 1231 978 1291 Geheimnisse
1008 1231 1058 1291 der
1082 1230 1195 1290 Natur
1224 1228 1258 1288 er

255 1285 420 1345 forschen,
438 1284 492 1344 und
521 1285 592 1345 ihre
610 1282 776 1342 Maximen
809 1282 1020 1342 abzulernen.
1082 1282 1181 1342 Kühn
1221 1280 1270 1340 auf

245 1333 322 1393 ihre
345 1331 578 1391 Wissenschaft
601 1333 745 1393 richteten
786 1330 830 1390 die
864 1330 1075 1390 Sterblichen
1120 1330 1264 1390 dürftige

250 1384 422 1444 Kenntniß
450 1381 550 1441 wider
568 1381 639 1441 ihre
662 1383 935 1443 Lehrmeisterin,
958 1381 1058 1441 wider
1086 1381 1130 1441 die
1153 1381 1269 1441 Natur

249 1433 365 1493 selbst,
387 1431 424 1491 um
472 1431 519 1491 dem
578 1431 732 1491 Schaden
775 1431 1050 1491 auszuweichen,
1078 1431 1199 1491 womit
1232 1426 1268 1486 sie

249 1479 420 1539 bisweilen
447 1479 503 1539 von
535 1479 586 1539 den
613 1479 800 1539 Elementen
826 1482 987 1542 bedrohet
1003 1479 1148 1539 werden.
1200 1476 1262 1536 Ein

247 1530 464 1590 verbanneter
492 1530 710 1590 Missethäter
732 1531 874 1591 entflohe
897 1530 1049 1590 einstmal
1077 1530 1136 1590 auf
1164 1528 1245 1588 einem

254 1578 386 1638 elenden
413 1578 571 1638 Nachen,
598 1578 660 1638 und
687 1578 766 1638 siehe
788 1581 850 1641 da!
883 1579 930 1639 die
951 1580 1215 1640 Verwegenheit
1231 1578 1262 1638 er

255 1628 327 1688 fand
361 1627 432 1687 bald
466 1625 510 1685 ein
544 1628 648 1688 Schif
677 1627 709 1687 um
754 1628 876 1688 Meere
904 1628 937 1688 zu
976 1628 1159 1688 beseegeln.
1209 1622 1264 1682 So

259 1676 359 1736 suchte
381 1674 428 1734 die
449 1676 554 1736 Kunst
576 1676 628 1736 für
650 1676 697 1736 die
724 1674 893 1734 Menschen
925 1673 1009 1733 einen
1036 1673 1157 1733 Schutz
1173 1673 1273 1733 wider

254 1769 296 1829 len
329 1766 376 1826 die
399 1766 515 1826 Natur
537 1763 725 1823 erscheinet.
778 1763 853 1823 Sie
875 1760 1003 1820 wollte,
1030 1762 1088 1822 daß
1115 1759 1195 1819 diese
1217 1759 1270 1819 von

256 1817 309 1877 ihr
333 1817 552 1877 allenthalben
588 1814 718 1874 Gesetze
748 1816 937 1876 annähme:
973 1814 1050 1874 aber
1080 1814 1139 1874 das
1169 1811 1275 1871 heißt,

260 1870 308 1930 sich
346 1867 444 1927 wider
477 1867 519 1927 die
548 1867 661 1927 Natur
688 1867 867 1927 empören,
895 1867 954 1927 und
987 1864 1025 1924 ist
1053 1865 1106 1925 das
1134 1863 1280 1923 Verbre¬

251 1918 323 1978 chen
354 1918 436 1978 eines
463 1918 618 1978 Bürgers
644 1918 747 1978 wider
768 1915 866 1975 seinen
898 1915 1032 1975 Staat,
1059 1915 1146 1975 eines
1172 1912 1275 1972 Thei¬

256 1970 303 2030 les
335 1969 435 2029 wider
462 1966 519 2026 das
546 1966 684 2026 Ganze.
758 1966 990 2026 Schmeichelt
1017 1966 1080 2026 euch
1117 1963 1275 2023 umsonst,

255 2020 357 2080 kühne
385 2017 602 2077 Sterbliche!
624 2017 689 2077 mit
716 2017 770 2077 den
798 2017 987 2077 Elementen
1026 2014 1199 2074 dergestalt
1227 2011 1275 2071 be¬

255 2067 355 2127 kannt
378 2066 405 2126 zu
433 2067 527 2127 seyn,
556 2065 611 2125 daß
645 2064 695 2124 ihr
723 2064 761 2124 sie
796 2064 1013 2124 allenthalben
1052 2064 1140 2124 eurer
1163 2062 1274 2122 Kunst

260 2118 429 2178 gehorchen
464 2112 582 2172 lehret,
599 2115 632 2175 zu
656 2115 808 2175 schwach,
831 2114 1040 2174 denenselben
1063 2112 1130 2172 ihre
1159 2112 1277 2172 Macht

260 2165 539 2225 abzugewinnen.
588 2166 663 2226 Ihr
685 2163 841 2223 verstehet
853 2165 911 2225 aus
939 2163 1181 2223 unterirdischen
1214 2160 1272 2220 Er¬

252 2217 300 2277 zen
328 2216 377 2276 die
399 2214 639 2274 eingeschloßne
661 2214 737 2274 Luft
765 2214 852 2274 einen
885 2214 1141 2274 erschütternden
1169 2211 1277 2271 Knall

251 2264 381 2324 erregen
426 2261 458 2321 zu
491 2263 610 2323 laßen,
644 2261 708 2321 und
741 2261 823 2321 diese
851 2261 920 2321 frey
949 2261 975 2321 in
1014 2261 1100 2321 ihrem
1151 2261 1275 2321 Gebiet

260 2363 318 2423 und
351 2361 378 2421 in
416 2360 502 2420 ihren
540 2360 707 2420 Stürmen
745 2359 798 2419 das
826 2360 1009 2420 Verderben
1047 2359 1073 2419 zu
1112 2359 1267 2419 hauchen.

250 2414 327 2474 Ihr
349 2411 465 2471 könnet
488 2410 559 2470 über
582 2410 648 2470 euch
682 2408 997 2468 emporschwebende
1026 2408 1175 2468 tödtliche
1198 2408 1275 2468 Bli¬

249 2458 288 2518 tze
309 2461 481 2521 ersticken,
512 2459 572 2519 und
608 2456 658 2516 den
689 2458 830 2518 Donner
861 2455 916 2515 vor
947 2458 1012 2518 euch
1048 2458 1260 2518 verstummen

248 2510 388 2570 heißen,
424 2509 487 2569 und
517 2508 717 2568 gleichwohl
741 2506 827 2566 nicht
858 2506 910 2566 dem
963 2509 1068 2569 Aetna
1110 2509 1279 2569 gebieten,

250 2561 308 2621 daß
335 2557 361 2617 er
383 2558 522 2618 aufhöre
549 2557 575 2617 zu
603 2557 730 2617 wüten.

303 2606 458 2666 Plötzlich
483 2605 609 2665 eröfnet
628 2606 676 2666 die
694 2608 809 2668 Natur
834 2604 875 2664 ein
906 2606 1111 2666 schreckliches
1135 2605 1267 2665 Schau¬

248 2658 357 2718 spiel,
380 2658 440 2718 und
468 2655 555 2715 läßet
573 2655 622 2715 die
644 2652 832 2712 Herrschaft
849 2651 898 2711 der
921 2655 1091 2715 Elemente
1119 2655 1146 2715 in
1174 2655 1262 2715 ihrer

247 2709 363 2769 ganzen
403 2706 726 2766 uneingeschränkten
760 2702 1005 2762 majestätischen
1039 2705 1178 2765 Gewalt
1201 2706 1273 2766 her¬

241 2757 426 2817 vortreten.
474 2755 585 2815 Jeder
617 2754 728 2814 richtet
760 2754 818 2814 sein
851 2751 1062 2811 Augenmerk
1089 2752 1147 2812 auf
1174 2754 1258 2814 diese

813 2802 904 2862 Man
948 2802 1028 2862 wird
1066 2805 1173 2865 hiebey
1212 2804 1254 2864 ein

241 2808 475 2868 unerwartete
513 2805 757 2865 Erscheinung.

240 2858 446 2918 Philosoph.
505 2858 594 2918 Man
627 2857 730 2917 fräget
757 2858 820 2918 nach
854 2855 905 2915 dem
944 2855 1131 2915 Ursprunge
1158 2855 1266 2915 dessel=

1296 291 1375 351 ben.
1425 291 1517 351 Man
1548 295 1714 355 erstaunt,
1740 294 1831 354 indem
1869 297 1936 357 man
1967 295 2090 355 findet,
2115 297 2170 357 daß
2208 297 2324 357 dersel¬

1294 342 1327 402 be
1350 343 1377 403 so
1405 342 1515 402 gering
1544 345 1632 405 war,
1660 345 1715 405 daß
1749 345 1793 405 ein
1827 346 2170 406 unvorhergesehener
2193 348 2320 408 Zufall,

1299 389 1369 449 eine
1391 392 1570 452 scheinbare
1592 392 1820 452 unerhebliche
1842 396 2070 456 Kleinigkeit,
2092 395 2140 455 die
2168 395 2200 455 um
2250 397 2319 457 vor¬

1302 440 1488 500 hergesehen
1529 440 1556 500 zu
1591 443 1743 503 werden,
1783 446 1850 506 auch
1884 446 1980 506 wohl
2009 449 2059 509 dem
2111 445 2308 505 Scharfsinn

1298 490 1388 550 eines
1421 491 1649 551 weißagenden
1687 493 1851 553 Seraphs
1884 497 2064 557 entgangen
2102 497 2213 557 wäre,
2245 494 2319 554 hier

1298 539 1452 599 Wunder
1468 539 1643 599 entwickelt
1665 542 1736 602 hat.
1783 545 1845 605 So
1871 545 1948 605 weit
1969 548 2025 608 aus
2052 548 2103 608 den
2130 546 2232 606 Augen
2264 545 2315 605 des

1298 589 1510 649 Sterblichen
1537 591 1600 651 hast
1616 592 1668 652 dul
1685 592 1975 652 Geheimnißvolle
1992 595 2129 655 Natur!
2151 595 2235 655 deine
2257 592 2320 652 ver¬

1299 639 1395 699 borge
1412 638 1617 698 Triebfedern
1646 642 1769 702 gelegt,
1797 644 1834 704 um
1873 643 1969 703 seiner
1992 646 2100 706 Kunst
2122 645 2181 705 und
2209 643 2322 703 Weis¬

1301 689 1369 749 heit
1397 688 1496 748 Trotz
1524 691 1555 751 zu
1587 691 1708 751 bieten.
1762 691 1835 751 Der
1867 693 1999 753 Mensch
2042 694 2142 754 seinem
2185 694 2306 754 Herzen

1298 736 1370 796 nach
1401 739 1597 799 betrachtet,
1618 742 1655 802 ist
1676 742 1768 802 selbst
1795 742 1851 802 das
1878 742 1960 802 Bild
1992 742 2048 802 von
2085 745 2193 805 deinen
2230 745 2322 805 wun¬

1302 786 1415 846 derbar
1442 788 1604 848 geheimen
1632 789 1859 849 Wirkungen.
1909 787 1984 847 Die
2006 790 2097 850 Welt
2114 792 2173 852 hat
2190 792 2222 852 es
2250 794 2314 854 sehr

1302 837 1350 897 oft
1378 837 1436 897 mit
1464 839 1610 899 Seufzer
1643 840 1870 900 empfunden,
1898 840 1957 900 daß
1995 842 2032 902 um
2082 843 2168 903 eines
2201 843 2319 903 nichts¬

1302 885 1469 945 würdigen
1497 888 1713 948 Leidenschaft
1730 888 1783 948 der
1805 891 1897 951 Liebe
1919 888 1989 948 eben
2022 891 2146 951 sowohl
2169 891 2211 951 ein
2239 891 2325 951 Tro¬

1303 938 1328 998 ja
1355 936 1499 996 brennt,
1525 939 1571 999 als
1598 939 1634 999 um
1675 939 1726 999 den
1759 939 1871 999 großen
1904 937 2027 997 Streit
2054 940 2125 1000 über
2157 940 2203 1000 die
2225 939 2327 999 Herr¬

1304 984 1400 1044 schaft
1423 984 1471 1044 der
1498 984 1590 1044 Welt
1607 986 1650 1046 ein
1677 987 1845 1047 Carthago
1873 987 2018 1047 zerstöret
2035 990 2138 1050 wird.
2193 989 2252 1049 So
2279 987 2322 1047 er¬

1303 1034 1457 1094 schüttert
1478 1034 1504 1094 er
1530 1034 1597 1094 eben
1628 1037 1751 1097 sowohl
1773 1037 1808 1097 um
1851 1037 1917 1097 eine
1938 1037 2134 1097 Kleinigkeit
2155 1037 2201 1097 die
2222 1038 2325 1098 Welt,

1305 1082 1352 1142 als
1382 1082 1410 1142 du
1441 1084 1529 1144 durch
1553 1084 1605 1144 den
1636 1088 1771 1148 Erdstoß
1795 1088 1883 1148 einer
1901 1085 2043 1145 einzigen
2079 1088 2214 1148 Minute
2233 1088 2320 1148 Lissa=

1303 1130 1360 1190 bon
1390 1133 1556 1193 begrábst.

1353 1182 1513 1242 Beraubt
1530 1182 1591 1242 und
1613 1187 1807 1247 unglücklich
1835 1187 1934 1247 lehret
1957 1187 2017 1247 nun
2045 1187 2089 1247 die
2106 1187 2322 1247 Beherrsche¬

1299 1231 1342 1291 rin
1375 1231 1423 1291 des
1451 1234 1598 1294 Pregels
1626 1234 1668 1294 die
1696 1237 1816 1297 Völker
1844 1237 1897 1297 das
1936 1237 2121 1297 furchtbare
2143 1237 2322 1297 Schicksal,

1294 1282 1429 1342 welches
1452 1283 1647 1343 Residenzen
1680 1285 1740 1345 und
1767 1285 1914 1345 Dörfer,
1936 1287 2082 1347 Palläste
2110 1285 2170 1345 und
2197 1285 2322 1345 verach¬

1298 1331 1359 1391 tete
1381 1333 1504 1393 Hütten
1531 1333 1685 1393 einander
1707 1333 1831 1393 ähnlich
1868 1336 1986 1396 machen
2028 1336 2126 1396 kann.
2204 1333 2317 1393 Blicke

1299 1384 1386 1444 her,
1415 1384 1447 1444 du
1475 1384 1508 1444 an
1536 1384 1663 1444 Pracht
1680 1384 1868 1444 beruhmtes
1902 1384 2111 1444 Versailles!
2134 1384 2194 1444 Du
2217 1385 2321 1445 Stolz

1303 1431 1413 1491 deiner
1438 1432 1589 1492 Könige!
1620 1433 1685 1493 und
1711 1434 1740 1494 du
1771 1434 1786 1494 o
1812 1434 2018 1494 angebetetes
2043 1434 2159 1494 Rom!
2185 1434 2220 1494 an
2250 1434 2300 1494 dem

1303 1482 1451 1542 Andacht
1472 1482 1530 1542 und
1557 1482 1773 1542 Aberglauben
1805 1483 1852 1543 die
1868 1484 1989 1544 Pracht
2011 1482 2110 1542 üppig
2132 1483 2322 1543 verschwen¬

1304 1530 1357 1590 det
1380 1530 1499 1590 haben,
1526 1530 1672 1590 ehemals
1700 1533 1738 1593 ein
1771 1533 1917 1593 trotziger
1940 1533 2140 1593 Aufenthalt
2162 1530 2325 1590 Gesetzge¬

1301 1581 1420 1641 bender
1451 1581 1622 1641 Consuln,
1659 1581 1694 1641 um
1741 1581 1782 1641 ein
1820 1581 1855 1641 an
1887 1584 2135 1644 Alterthümern
2167 1584 2327 1644 gepriese¬

1298 1628 1351 1688 ner
1384 1626 1464 1686 Sitz
1480 1627 1570 1687 eines
1598 1628 1886 1688 Opferpriesters!
1913 1630 2127 1690 Vergleichet
2149 1631 2213 1691 euch
2245 1631 2330 1691 hier,

1306 1673 1371 1733 und
1395 1673 1497 1733 lernet
1516 1673 1576 1733 aus
1605 1673 1698 1733 dieser
1721 1673 1884 1733 traurigen
1913 1673 2165 1733 Verwandlung
2203 1676 2249 1736 die
2272 1676 2328 1736 Ei¬

254 1721 303 1781 die
324 1721 519 1781 gefährliche
545 1717 776 1777 Stellungen,
802 1715 826 1775 in
862 1715 992 1775 welchen
1028 1715 1123 1775 ihnen
1154 1712 1274 1772 zuwei=
1305 1714 1415 1774 telkeit
1436 1712 1526 1772 eures
1557 1712 1707 1772 Ruhmes
1732 1715 1913 1775 erkennen!
1949 1716 2074 1776 Stolze
2095 1721 2240 1781 Mauren
2271 1721 2325 1781 lie¬

1306 1764 1359 1824 gen
1390 1761 1455 1821 hier
1480 1766 1721 1826 gedemüthiget
1745 1766 1835 1826 unter
1854 1766 1943 1826 ihren
1974 1769 2136 1829 Ruinen:
2161 1772 2215 1832 den
2246 1773 2323 1833 sonst

1308 1814 1562 1874 Gewerbvollen
1585 1817 1759 1877 Labyrinth
1789 1819 1875 1879 ihrer
1898 1819 2049 1879 Gassen,
2073 1820 2118 1880 wo
2154 1822 2205 1882 der
2229 1823 2326 1883 Han¬

1303 1865 1356 1925 del
1388 1866 1446 1926 und
1484 1867 1631 1927 Verkehr
1664 1868 1722 1928 das
1754 1870 1850 1930 Leben
1898 1868 1950 1928 der
1977 1873 2094 1933 Stadt
2116 1873 2322 1933 verbreitete,

1306 1915 1406 1975 seinen
1443 1918 1654 1978 Bewohnern
1692 1918 1770 1978 ganz
1803 1919 2030 1979 unkenntlich,
2072 1921 2172 1981 decken
2210 1921 2320 1981 Berge

1306 1966 1362 2026 von
1404 1964 1552 2024 Schutt,
1584 1967 1645 2027 und
1676 1969 1707 2029 zu
1743 1969 1794 2029 den
1832 1969 1944 2029 wüsten
1981 1970 2140 2030 Altären,
2171 1969 2217 2029 wo
2254 1971 2325 2031 ver¬

1309 2014 1471 2074 sammlete
1494 2017 1596 2077 Chöre
1618 2017 1775 2077 ehedessen
1813 2020 1861 2080 der
1884 2018 2046 2078 Gottheit
2062 2020 2224 2080 Loblieder
2252 2018 2327 2078 san¬

1302 2065 1389 2125 gen,
1418 2064 1511 2124 locket
1540 2064 1589 2124 die
1611 2067 1815 2127 Einsamkeit
1838 2067 2020 2127 lichtscheue
2049 2070 2159 2130 Vögel
2187 2070 2319 2130 herbey.

1302 2114 1600 2174 Demüthigender
1623 2115 1778 2175 Anblick!
1812 2117 1922 2177 Nicht
1945 2115 1989 2175 die
2012 2118 2138 2178 Waffen
2167 2118 2321 2178 übermü¬

1305 2163 1412 2223 thiger
1429 2165 1582 2225 Sieger,
1606 2166 1679 2226 noch
1713 2166 1758 2226 ein
1793 2166 2008 2226 gefürchteter
2032 2169 2139 2229 Stral
2168 2167 2219 2227 des
2248 2168 2326 2228 Bli¬

1307 2211 1394 2271 tzes,
1417 2214 1517 2274 nein!
1545 2214 1595 2274 die
1617 2214 1778 2274 Gefahr,
1812 2215 1861 2275 die
1890 2216 1939 2276 sich
1973 2216 2033 2276 aus
2067 2217 2155 2277 ihren
2190 2217 2316 2277 eigenen

1308 2261 1463 2321 Schooße
1498 2261 1625 2321 erhob,
1649 2264 1810 2324 vielleicht
1840 2264 1880 2324 ein
1921 2264 2059 2324 Zufall,
2082 2267 2238 2327 vielleicht
2267 2266 2319 2326 die

255 2312 335 2372 wird
363 2311 432 2371 euch
465 2311 508 2371 ein
546 2309 718 2369 andermal
741 2309 767 2369 in
805 2311 891 2371 ihren
919 2311 1059 2371 Winden
1097 2309 1145 2369 die
1173 2309 1269 2369 Pest,
1302 2309 1404 2369 Hand
1432 2309 1518 2369 eines
1545 2310 1750 2370 verwegenen
1777 2312 1998 2372 Bösewichtes
2026 2315 2122 2375 haben
2155 2317 2225 2377 hier
2253 2315 2311 2375 aus

1307 2358 1356 2418 der
1385 2360 1585 2420 Schöpfung
1613 2361 1680 2421 eine
1703 2363 1819 2423 Wüste
1836 2363 1997 2423 gemacht.

1353 2408 1458 2468 Unter
1491 2410 1569 2470 allen
1608 2414 1980 2474 Linderungsmitteln,
2015 2414 2130 2474 welche
2164 2415 2214 2475 die
2248 2418 2319 2478 Zeit

1302 2458 1372 2518 oder
1400 2458 1504 2518 eigene
1543 2461 1784 2521 Schwachheit
1823 2464 2059 2524 unglücklicher
2103 2464 2316 2524 Sterblichen

1302 2511 1358 2571 für
1381 2509 1431 2569 den
1460 2509 1624 2569 Schmerz
1641 2512 1777 2572 erfand,
1800 2512 1840 2572 ist
1863 2512 1913 2572 das
1942 2512 2151 2572 bewährteste
2174 2513 2219 2573 die
2242 2515 2321 2575 Ver¬

1299 2557 1494 2617 gessenheit.
1554 2555 1635 2615 Wie
1657 2558 1717 2618 soll
1734 2560 1809 2620 aber
1831 2560 1885 2620 der
1907 2563 2053 2623 Elende,
2081 2563 2135 2623 der
2157 2564 2206 2624 den
2239 2563 2325 2623 Ver¬

1299 2606 1363 2666 lust
1391 2608 1494 2668 seines
1522 2608 1733 2668 Vermögens
1766 2611 1950 2671 beweinet,
1989 2613 2042 2673 sein
2081 2611 2222 2671 Uuglück
2255 2611 2325 2671 ver¬

1302 2657 1428 2717 gessen,
1457 2658 1517 2718 und
1546 2658 1738 2718 gleichwohl
1761 2659 1811 2719 die
1834 2661 2037 2721 Denkmäler
2072 2663 2226 2723 derselben
2260 2661 2314 2721 vor

1300 2706 1410 2766 Augen
1439 2706 1566 2766 haben?
1608 2706 1682 2766 Der
1712 2710 1926 2770 Verlaßene,
1950 2711 2002 2771 der
2032 2712 2130 2772 seinen
2165 2712 2315 2772 Freund,

1304 2754 1384 2814 seine
1413 2753 1558 2813 Gattin,
1586 2756 1645 2816 sein
1673 2757 1759 2817 Kind

2080 2760 2137 2820 den
2172 2759 2321 2819 zärtlich=

1299 2805 1355 2865 sten
1389 2805 1524 2865 Antheil
1542 2805 1638 2865 seines
1666 2808 1807 2868 Glückes
1836 2807 1892 2867 auf
1909 2805 1959 2865 der
1983 2805 2073 2865 Welt
2096 2811 2225 2871 verlor,
2254 2805 2310 2865 wie

1298 2856 1354 2916 soll
1374 2856 1448 2916 der,
1474 2855 1523 2915 die
1543 2855 1605 2915 mit
1631 2858 1680 2918 ihm
1718 2858 1793 2918 alles
1819 2861 1981 2921 theilten,
2007 2861 2062 2921 aus
2094 2858 2150 2918 dem
2189 2855 2307 2915 Sinne

2231 2909 2309 2969 schla
