2479 3508
233 327 298 387 cher
328 324 529 384 Inschriften
565 321 594 381 in
630 321 913 381 Stammbüchern
956 318 1038 378 vor;
1074 318 1245 378 worunter

231 376 304 436 auch
345 374 401 434 das
436 372 590 432 folgende
619 370 801 430 Mährchen
836 366 973 426 gehört:
1008 366 1071 426 Ein
1111 369 1259 429 gewisser

235 422 396 482 deutscher
419 419 619 479 Professor,
648 418 730 478 (wir
753 417 853 477 wissen
887 419 998 479 nicht,
1026 416 1143 476 warum
1188 416 1260 476 Hr.

236 472 310 532 von
351 470 443 530 Bar
473 470 542 530 noch
571 469 651 529 nicht
675 467 831 527 aufhört,
860 467 906 527 die
936 467 1143 527 Deutschen,
1173 467 1253 527 seine
1289 464 1404 524 Kostet
1422 464 1450 524 in
1480 464 1531 524 der
1555 464 1774 524 Kanterschen
1804 470 2069 530 Buchhandlung
2098 470 2231 530 allhier,
2249 467 2306 527 wie

238 521 458 581 Landesleute
481 521 640 581 lächerlich
668 521 701 581 zu
729 518 884 578 machen)
906 518 955 578 der
978 515 1027 575 sich
1055 517 1121 577 viel
1138 516 1259 576 darauf
1293 517 1364 577 auch
1393 515 1414 575 in
1448 514 1563 574 Elbing
1591 515 1651 575 und
1680 518 1789 578 Mitau
1823 518 1833 578 1
1862 521 1900 581 fl.

243 572 453 632 einbildete,
487 571 545 631 daß
578 569 610 629 er
638 570 691 630 das
730 569 902 629 Arabische
930 566 1114 626 verstand,
1147 564 1259 624 schrieb

245 621 307 681 auf
329 622 376 682 der
403 619 497 679 besten
529 616 629 676 Seite
655 616 734 676 aller
756 616 1023 676 Stammbücher
1056 613 1102 673 die
1124 612 1260 672 Worte:

253 670 341 730 Joh.
363 670 423 730 10,
435 670 473 730 8.
501 668 573 728 Alle
595 667 644 727 die
667 667 716 727 vor
739 667 804 727 mir
827 665 965 725 gewesen
993 664 1075 724 sind,
1092 664 1152 724 sind
1181 664 1263 724 Die¬

235 715 273 775 be
301 715 360 775 und
399 718 541 778 Mörder
575 715 744 775 gewesen,
778 716 837 776 auf
865 712 1095 772 Arabisch,
1129 713 1204 773 weil
1233 708 1265 768 er

238 766 369 826 wußte,
397 766 452 826 daß
480 765 561 825 seine
584 766 787 826 Vorgänger
815 766 875 826 und
909 763 1111 823 sämmtliche
1134 760 1259 820 Herren

246 815 399 875 Collegen
423 814 458 874 es
482 813 564 873 nicht
589 813 795 873 verstanden.
843 817 889 877 5)
919 810 1108 870 "Verhaßte
1132 810 1267 870 Vorur¬

253 864 396 924 "theile,
419 863 468 923 die
491 861 711 921 vortheilhaft
729 861 833 921 sind."
895 858 966 918 Uns
994 861 1126 921 deucht,
1149 860 1176 920 in
1204 858 1259 918 den

245 914 364 974 kleinen
397 913 598 973 historischen
631 912 799 972 Schriften
838 909 892 969 des
925 909 1137 969 Voltaire
1170 909 1267 969 findet

246 966 319 1026 man
348 963 416 1023 eine
445 963 506 1023 viel
536 960 649 1020 bessere
678 962 899 1022 Abhandlung
935 959 1008 1019 über
1043 958 1111 1018 dies
1145 955 1269 1015 Sujet.

243 1011 291 1071 6)
319 1007 443 1067 ”Freye
460 1010 759 1070 Anmerkungen.”
820 1005 868 1065 Es
890 1005 955 1065 sind
982 1004 1151 1064 abermals
1173 1006 1254 1066 Anek

1178 1054 1270 1114 Eine

247 1060 337 1120 doten
373 1060 433 1120 und
469 1058 646 1118 Gedanken
688 1055 763 1115 über
794 1055 899 1115 einige
930 1055 1127 1115 Schriften.

247 1110 374 1170 einzige
406 1107 575 1167 Anekdote
608 1106 718 1166 wollen
757 1103 819 1163 wir
857 1103 1048 1163 anzeigen:
1091 1103 1148 1163 Ein
1196 1102 1270 1162 gro¬

243 1160 303 1220 ßer
326 1157 431 1217 Prinz
465 1160 553 1220 (man
587 1157 659 1217 kann
693 1155 787 1215 seinen
821 1154 949 1214 Namen
983 1151 1077 1211 leicht
1100 1153 1243 1213 errathen

251 1210 322 1270 frug
356 1207 383 1267 in
422 1207 505 1267 einem
550 1206 665 1266 Briefe
693 1204 731 1264 an
766 1204 848 1264 einen
887 1201 1146 1261 schweizerischen
1180 1201 1268 1261 Arzt,

244 1258 280 1318 an
316 1257 368 1317 den
410 1255 440 1315 er
467 1255 518 1315 der
550 1255 762 1315 Gesundheit
789 1255 897 1315 wegen
928 1255 1073 1315 schrieb,
1095 1252 1125 1312 in
1162 1252 1244 1312 einem

253 1306 457 1366 Postscript:
485 1308 600 1368 kennen
629 1306 700 1366 Sie
723 1303 772 1363 den
805 1306 1053 1366 Algarotti?
1087 1303 1158 1363 Der
1176 1300 1252 1360 Arzt

247 1357 301 1417 der
332 1357 423 1417 unter
453 1356 553 1416 seinen
585 1355 751 1415 Cadavern
792 1354 851 1414 und
877 1353 1038 1413 Recepten
1074 1351 1124 1411 nie
1150 1352 1265 1412 gehört

243 1406 351 1466 habe,
380 1404 433 1464 daß
461 1404 691 1464 Algarotti
713 1404 750 1464 ein
784 1404 914 1464 Mensch
948 1402 1019 1462 sey:
1041 1402 1264 1462 antwortete:

237 1449 277 1509 La
308 1454 434 1514 poudre
470 1452 702 1512 d'Algarotti,
728 1452 763 1512 ou
804 1449 829 1509 le
865 1449 1017 1509 Mercurè
1053 1449 1088 1509 de
1114 1447 1189 1507 vie,
1220 1444 1260 1504 est

242 1500 355 1560 blanc,
377 1500 537 1560 insipido,
564 1501 578 1561 &
615 1500 744 1560 pesant,
766 1500 838 1560 tout
859 1500 972 1560 propre
999 1500 1009 1560 à
1036 1500 1113 1560 faire
1139 1497 1268 1557 vômir.

237 1551 460 1611 Verständige
488 1551 572 1611 Leser
594 1549 716 1609 werden
744 1551 823 1611 diese
856 1551 1058 1611 pedantische
1080 1548 1239 1608 Unwissen

246 1600 316 1660 heit
335 1602 553 1662 bewundern.
577 1597 624 1657 7)
637 1599 766 1659 ”Ueber
790 1599 831 1659 die
855 1600 1068 1660 Litteratur."
1110 1601 1156 1661 8)
1181 1591 1263 1651 "Er¬

253 1649 446 1709 "kenntnisse
470 1649 524 1709 aus
553 1647 602 1707 der
625 1649 857 1709 Erfahrung."
919 1646 969 1706 Es
997 1649 1085 1709 sollen
1114 1642 1263 1702 Verthei¬

242 1697 402 1757 digungen
444 1697 500 1757 der
526 1696 738 1756 Häßlichkeit
769 1691 862 1751 seyn,
904 1691 965 1751 und
1007 1691 1069 1751 sind
1105 1691 1260 1751 ironisch.

236 1745 305 1805 Zur
335 1742 608 1802 Aufmunterung
643 1738 697 1798 des
732 1737 861 1797 schönen
896 1736 1099 1796 Geschlechts
1129 1733 1252 1793 melder

237 1787 302 1847 wir
333 1787 393 1847 aus
424 1787 516 1847 einer
547 1782 790 1842 Anmerkung,
816 1782 872 1842 daß
903 1781 933 1841 in
969 1779 1075 1839 Paris
1111 1778 1162 1838 sich
1198 1777 1268 1837 ver¬

248 1840 386 1900 schiedne
409 1837 541 1897 Damen
569 1837 701 1897 finden,
735 1834 784 1894 die
813 1834 1039 1894 Naturalien=
1062 1834 1122 1894 und
1150 1829 1238 1889 beson

242 1888 316 1948 ders
343 1888 707 1948 Conchyliencabinette
729 1888 892 1948 anlegen!
935 1885 1088 1945 Möchten
1126 1885 1173 1945 die
1200 1885 1236 1945 un

239 1940 344 2000 srigen
397 1939 466 1999 doch
520 1938 582 1998 nur
625 1937 689 1997 erst
726 1935 1048 1995 Handbibliotheken
1097 1936 1228 1996 anlegen

239 1993 285 2053 9)
314 1981 412 2041 "Den
442 1987 528 2047 Titel
552 1985 650 2045 dieser
668 1986 917 2046 Abhandlung"
959 1984 1074 2044 müssen
1098 1984 1178 2044 wir,
1202 1981 1259 2041 oh¬

231 2037 271 2097 ne
292 2035 403 2095 weiter
429 2037 469 2097 ein
500 2031 601 2091 Wort
622 2034 723 2094 davon
754 2034 779 2094 zu
810 2034 932 2094 sagen,
958 2033 1044 2093 nebst
1065 2033 1115 2093 der
1141 2031 1257 2091 Erkla¬

233 2088 315 2148 rung
344 2085 527 2145 französisch
561 2082 738 2142 hersetzen,
772 2083 810 2143 um
856 2082 944 2142 unsre
967 2085 1166 2145 schamhafte
1189 2084 1255 2144 Ju¬

237 2136 314 2196 gend
341 2136 424 2196 nicht
450 2135 481 2195 zu
507 2133 709 2193 beleidigen.
767 2130 839 2190 Sie
866 2133 1006 2193 handelt
1032 2130 1078 2190 sur
1111 2130 1136 2190 le
1168 2130 1255 2190 droit

243 2181 280 2241 de
302 2184 475 2244 Cuissage.
525 2181 605 2241 Das
639 2181 676 2241 ist
699 2181 774 2241 über
807 2181 861 2241 das
889 2181 1013 2241 Recht:
1046 2181 1083 2241 de
1111 2178 1197 2238 tenir
1225 2181 1251 2241 la

233 2233 322 2293 place
347 2234 427 2294 d'un
457 2231 601 2291 nouveau
631 2231 755 2291 marié,
780 2231 804 2291 la
830 2229 994 2289 première
1019 2230 1088 2290 nuit
1109 2229 1163 2289 des
1184 2228 1252 2288 No-

239 2282 298 2342 ces
311 2282 328 2342 !
401 2279 467 2339 10)
504 2279 636 2339 "Ueber
685 2279 738 2339 die
787 2279 985 2339 italienische
1034 2278 1239 2338 Sprache."

721 2325 810 2385 12)
846 2328 1053 2388 ”Fliegende
1090 2330 1249 2390 poetische

230 2330 304 2390 11)
334 2329 667 2389 ”Salmoginedas.

238 2378 395 2438 "Stücke
429 2380 485 2440 aus
525 2378 575 2438 dem
632 2375 845 2435 Englischen.

970 2378 1080 2438 Mehr
1115 2378 1243 2438 können

237 2429 300 2489 wir
328 2429 385 2489 von
423 2429 518 2489 diesen
550 2426 693 2486 Stücken
725 2426 810 2486 nicht
831 2426 1016 2486 anführen.
1091 2426 1170 2486 Wir
1203 2428 1250 2488 be¬

234 2479 388 2539 wundern
416 2479 463 2539 die
485 2476 697 2536 Munterkeit
719 2473 772 2533 des
805 2473 895 2533 Hrn.
917 2476 1097 2536 Verfassers
1135 2476 1188 2536 bey
1220 2474 1246 2534 so

243 2527 345 2587 hohem
388 2527 501 2587 Alter,
523 2527 582 2587 und
610 2524 804 2584 wünschen,
831 2521 885 2581 daß
907 2524 939 2584 er
961 2527 1030 2587 noch
1058 2529 1149 2589 lange
1166 2530 1246 2590 nicht

231 2578 283 2638 die
307 2578 376 2638 Zeit
395 2578 441 2638 der
471 2578 693 2638 Schriftstelle
711 2575 839 2635 beleben
869 2575 985 2635 möge;

331 2673 435 2733 Wenn
474 2673 709 2733 Schlafsucht,
740 2672 839 2732 Frost
865 2670 927 2730 und
964 2676 1181 2736 Mattigkeit,

275 2732 380 2792 Wenn
422 2736 479 2796 uns
515 2736 568 2796 des
604 2733 715 2793 Alters
751 2730 921 2790 Kindheit
945 2733 1061 2793 dräut,

272 2796 393 2856 Worin
428 2796 573 2856 Autoren
608 2797 723 2857 unsrer
753 2796 828 2856 Zeit

277 2857 354 2917 Vor
385 2861 493 2921 unsern
530 2861 644 2921 Augen
681 2861 729 2921 oft
753 2864 910 2924 erkalten,

1325 318 1399 378 Die
1431 321 1505 381 man
1549 319 1617 379 doch
1655 324 1755 384 lange
1786 324 1860 384 weit
1892 324 1954 384 und
1986 321 2078 381 breit

1337 379 1408 439 Für
1439 381 1485 441 die
1516 383 1754 443 Unsterblichen
1797 383 1975 443 gehalten!

1533 694 1651 754 Der
1692 694 2064 754 Neubekehrte.

1631 772 1717 832 Eine
1744 775 1964 835 Erzählung.

1290 939 1377 999 Und
1419 941 1527 1001 weiter
1568 942 1670 1002 keinen
1711 944 1847 1004 Schritt
1882 945 1949 1005 folg
1984 947 2030 1007 ich
2072 948 2126 1008 der
2160 948 2309 1008 Wollust

1830 992 1950 1052 nach!

1292 1034 1368 1094 Der
1391 1037 1485 1097 Neue
1508 1039 1629 1099 zackigt
1646 1037 1851 1097 Schwerdt,
1879 1040 1934 1100 das
1967 1040 1995 1100 in
2029 1042 2078 1102 die
2101 1045 2206 1105 Seele
2234 1047 2305 1107 stach

1290 1086 1449 1146 Verekelt
1476 1087 1543 1147 mir
1575 1088 1631 1148 das
1662 1088 1745 1148 Bild
1782 1088 1931 1148 geliebter
1963 1088 2174 1148 Eitelkeiten,

1292 1136 1362 1196 Und
1400 1139 1540 1199 Laura
1579 1139 1644 1199 soll
1677 1142 1763 1202 nicht
1796 1138 1888 1198 mehr
1927 1136 2008 1196 mein
2057 1139 2192 1199 wundes
2225 1143 2311 1203 Herz

1840 1187 2015 1247 verleiten.

1298 1234 1365 1294 Bey
1400 1236 1490 1296 ihrer
1520 1236 1712 1296 Reizungen
1747 1235 1894 1295 unselger
1929 1237 2161 1297 Trunkenheit

1289 1285 1422 1345 Verflog
1456 1285 1483 1345 im
1534 1288 1750 1348 Müßiggang
1790 1288 1839 1348 die
1868 1285 2034 1345 allerbeste
2063 1288 2162 1348 Zeit:

1293 1339 1373 1399 Nun
1426 1336 1472 1396 ist
1519 1337 1570 1397 die
1612 1339 1751 1399 Jugend
1803 1336 1896 1396 hin,
1943 1335 1994 1395 die
2036 1339 2151 1399 Beine
2193 1339 2302 1399 wollen

1841 1384 2045 1444 schwanken,

1284 1434 1367 1494 Das
1404 1434 1487 1494 Feur
1518 1433 1547 1493 zu
1583 1434 1816 1494 männlichen,

1841 1434 2019 1494 heroischen
2059 1435 2237 1495 Gedanken

1288 1482 1410 1542 Erlosch
1460 1485 1514 1545 bey
1558 1482 1692 1542 niedrer
1730 1484 1852 1544 Glut;

1877 1484 1948 1544 jetzt
1994 1485 2177 1545 schläfrig,
2224 1486 2308 1546 ohn¬

1834 1529 2041 1589 machtsvoll

1291 1583 1382 1643 Fühl
1408 1583 1444 1643 ich
1481 1584 1604 1644 kaum,
1629 1583 1684 1643 daß
1721 1583 1763 1643 ich
1801 1581 1880 1641 bin,
1912 1581 2022 1641 nicht,
2053 1584 2120 1644 was
2151 1584 2194 1644 ich
2231 1584 2310 1644 wer¬

1831 1628 1888 1688 den
1923 1628 2009 1688 soll!

1286 1676 1380 1736 Doch
1418 1674 1512 1734 dieser
1544 1673 1745 1733 Thorheiten
1782 1675 2009 1735 unrühmliche
2041 1676 2215 1736 Trophäen

1290 1718 1383 1778 Soll
1408 1718 1535 1778 Laura
1575 1715 1688 1775 länger
1718 1718 1807 1778 nicht
1832 1717 1885 1777 für
1915 1718 1964 1778 sich
1999 1721 2151 1781 befestigt
2176 1721 2284 1781 sehen.

1920 1761 1981 1821 von
2015 1769 2116 1829 dieser
2145 1771 2218 1831 Last
2246 1772 2313 1832 ent=

1294 1763 1372 1823 Wie
1401 1762 1496 1822 ruhig
1531 1760 1609 1820 wird
1644 1763 1722 1823 mein
1762 1764 1875 1824 Herz,

1834 1814 1901 1874 kni

1278 1870 1331 1930 Im
1381 1864 1476 1924 Thal
1504 1864 1557 1924 der
1593 1867 1749 1927 Unschuld
1783 1867 1885 1927 seyn,

1911 1867 1956 1927 wo
1996 1870 2119 1930 keusche
2152 1876 2295 1936 Jugend

1834 1916 1963 1976 hüpft:

1286 1963 1387 2023 Denn
1424 1963 1496 2023 will
1515 1964 1562 2024 ich
1599 1966 1671 2026 noch
1714 1969 1839 2029 einmal
1870 1968 1954 2028 mein
1997 1972 2129 2032 Daseyn
2172 1975 2207 2035 zu
2238 1975 2304 2035 em¬

1833 2017 1984 2077 pfinden,

1290 2064 1367 2124 Mit
1404 2062 1493 2122 eines
1530 2064 1703 2124 Freundes
1733 2067 1804 2127 Her

1850 2067 1933 2127 mein
1976 2067 2071 2127 ruhig
2108 2070 2197 2130 Herz
2233 2069 2310 2129 ver¬

1833 2115 1976 2175 binden,

1288 2163 1489 2223 Beflügelt,
1510 2160 1576 2220 wie
1605 2161 1664 2221 das
1698 2164 1812 2224 Gold,

1843 2164 1900 2224 das
1939 2166 2085 2226 Laura
2124 2168 2187 2228 von
2232 2169 2301 2229 mir

1830 2214 1957 2274 nahm,

1287 2258 1367 2318 Mir
1403 2261 1461 2321 aus
1496 2261 1548 2321 der
1578 2261 1676 2321 Hand
1706 2264 1926 2324 entschlupft,
1956 2262 2020 2322 und
2055 2264 2194 2324 niemals
2230 2265 2304 2325 wie¬

1830 2312 1980 2372 derkam,

1288 2357 1375 2417 Will
1401 2357 1444 2417 ich
1476 2357 1526 2417 der
1558 2357 1727 2417 Buhlerin
1760 2358 1941 2418 entfliehn,
1967 2360 2010 2420 sie
2036 2360 2117 2420 ewig
2150 2364 2280 2424 hassen,

1282 2409 1348 2469 Und
1384 2410 1462 2470 eher
1493 2411 1570 2471 alles
1601 2410 1678 2470 ihr,
1709 2411 1793 2471 nicht
1817 2411 1925 2471 meine
1956 2408 2051 2468 Liebe
2076 2413 2195 2473 laßen!

1326 2521 1428 2581 Doch
1467 2523 1543 2583 ach!
1583 2521 1627 2581 sie
1660 2521 1704 2581 ist
1737 2522 1858 2582 bestellt

1917 2523 1943 2583 ja
1983 2523 2127 2583 Laura
2174 2527 2298 2587 kommt

1820 2574 1892 2634 noch
1932 2569 2009 2629 heut
2038 2569 2054 2629 -

1879 2619 1969 2679 Der
2000 2623 2108 2683 Abend
2146 2625 2182 2685 ist
2213 2626 2297 2686 nicht

1273 2620 1334 2680 Ach
1366 2617 1415 2677 wo
1453 2620 1582 2680 versteck
1608 2617 1651 2677 ich
1689 2620 1794 2680 mich!

1824 2667 1910 2727 weit

1276 2718 1451 2778 Wohlan!
1485 2717 1516 2777 so
1549 2715 1588 2775 ist
1621 2717 1653 2777 es
1686 2720 1770 2780 recht

1868 2718 1909 2778 sie
1946 2718 2019 2778 mag
2062 2721 2134 2781 mich
2172 2724 2287 2784 immer

1826 2769 1964 2829 suchen,

1264 2823 1334 2883 Ich
1373 2817 1449 2877 will
1481 2815 1538 2875 ins
1577 2820 1768 2880 Weinhaus
1813 2819 1921 2879 gehn,
1966 2820 2023 2880 und
2068 2820 2157 2880 ihren
2202 2817 2291 2877 Reiz

1821 2866 2007 2926 verfluchen

2197 2924 2284 2984 Nun
