2479 3508
507 1184 636 1244 95tes
683 1190 843 1250 Stück.
920 1193 1141 1253 Freytag,
1173 1190 1240 1250 den
1287 1189 1371 1249 28.
1403 1189 1631 1249 December
1670 1190 1814 1250 1764.

402 1276 685 1336 Prosaisches
726 1279 914 1339 Gedicht

614 1348 696 1408 über

230 1430 291 1490 das
339 1429 537 1489 Schicksal
580 1426 633 1486 der
668 1431 798 1491 Stadt
833 1432 1092 1492 Königsberg,

359 1497 411 1557 den
432 1497 506 1557 11ten
533 1497 573 1557 bis
594 1494 667 1554 13ten
695 1498 869 1558 November,
883 1501 962 1561 1764,

629 1546 685 1606 von

484 1613 537 1673 J.
564 1609 608 1669 F.
636 1608 849 1668 Pelchau,

571 1669 634 1729 aus
664 1670 762 1730 Riga.

160 1808 387 1868 Entsetzlicher
417 1802 545 1862 Anblick
567 1805 802 1865 verwüstender
832 1805 988 1865 Seenen,
1025 1804 1074 1864 die
1096 1802 1166 1862 Ge¬

152 1856 278 1916 fährten
305 1852 395 1912 derer
417 1850 558 1910 Kriege,
586 1849 696 1909 mitten
723 1849 749 1909 im
787 1849 919 1909 Frieden
956 1848 1014 1908 vor
1041 1847 1088 1907 sich
1126 1848 1157 1908 zu
1205 1845 1268 1905 und
1295 1845 1406 1905 fliehet
1433 1843 1448 1903 -

156 1906 275 1966 sehen!
304 1902 360 1962 und
389 1899 457 1959 ihre
486 1900 668 1960 stürmische
692 1897 867 1957 Schrecken
902 1896 930 1956 in
965 1897 1163 1957 strömenden

157 1948 466 2008 Annehmlichkeiten
500 1948 583 2008 einer
606 1948 716 2008 sichern
739 1948 832 2008 Ruhe
861 1948 888 2008 zu
916 1948 1043 2008 kosten!
1066 1948 1165 2008 Dort

152 2005 196 2065 wo
219 1999 521 2059 süßschmeichelnde
549 1999 750 2059 Hofnungen
778 1996 834 2056 von
874 1999 957 2059 einem
997 1996 1063 2056 froh
1091 1998 1169 2058 wie¬

153 2049 384 2109 derkehrenden
413 2046 514 2106 Glück
538 2046 611 2106 aller
640 2048 696 2108 und
725 2049 803 2109 jeder
827 2048 990 2108 Gesichter
1014 2046 1149 2106 erheiter

152 2103 242 2163 ten,
282 2097 345 2157 sitzt
374 2097 480 2157 bange
516 2095 809 2155 Verzweifelung,
850 2100 912 2160 und
946 2098 1167 2158 tiefdenkende

157 2151 394 2211 Schwermuth
423 2145 627 2205 verfinstert,
650 2145 690 2205 um
730 2148 786 2208 und
815 2148 849 2208 um
890 2150 940 2210 die
957 2145 1110 2205 Aussicht
1134 2145 1161 2205 in

155 2202 333 2262 Freuden,
362 2196 406 2256 die
429 2196 484 2256 den
513 2193 691 2253 Unterthan
719 2196 775 2256 von
803 2199 892 2259 ferne
915 2199 1132 2259 anlächelten.

206 2248 277 2308 Die
305 2244 399 2304 Asche
433 2243 493 2303 von
539 2243 593 2303 den
638 2246 888 2306 niedergelegten
927 2246 1171 2306 Wohnungen,

163 2301 271 2361 welche
295 2296 369 2356 dort
387 2294 421 2354 am
462 2291 537 2351 Ufer
566 2291 617 2351 des
647 2293 784 2353 Pregels
814 2297 877 2357 mit
901 2297 952 2357 den
987 2297 1170 2357 ehrwürdi¬

152 2352 209 2412 gen
242 2348 396 2408 Thränen
435 2342 518 2402 ihrer
551 2341 692 2401 Bürger
719 2343 770 2403 sich
803 2347 1015 2407 vermenget,
1048 2346 1163 2406 glühet

158 2399 229 2459 noch
258 2396 313 2456 von
341 2392 563 2452 Verwustung
592 2393 646 2453 und
675 2396 874 2456 Schrecken.
931 2396 1041 2456 Hier,
1064 2396 1080 2456 o
1108 2392 1174 2452 Ge¬

162 2446 372 2506 schichtreiche
395 2440 521 2500 Fama!
555 2440 666 2500 welche
700 2445 743 2505 die
766 2446 999 2506 Neubegierde
1027 2443 1165 2503 zeithero

158 2499 220 2559 mit
249 2494 441 2554 dergleichen
475 2491 638 2551 traurigen
668 2494 842 2554 Berichten
883 2494 939 2554 aus
974 2494 1024 2554 dem
1070 2491 1170 2551 Mor¬

157 2548 316 2608 genlande
340 2542 493 2602 gesätiget
512 2539 593 2599 hat,
618 2542 711 2602 hier,
736 2545 788 2605 bey
824 2545 918 2605 dieser
948 2542 1172 2602 kummervol¬

159 2599 204 2659 len
240 2593 442 2653 Ueberresten
484 2588 570 2648 wirst
594 2587 628 2647 du
664 2590 715 2650 den
750 2594 924 2654 Europäer
959 2593 1029 2653 eine
1064 2590 1168 2650 Weile

160 2649 213 2709 das
238 2641 388 2701 ähnliche
407 2639 467 2699 und
498 2639 721 2699 gewöhnliche
746 2643 914 2703 Schicksal
939 2643 993 2703 von
1024 2641 1156 2701 Moscau

158 2699 221 2759 und
251 2689 525 2749 Constantinopel
543 2688 694 2748 vergessen
724 2692 851 2752 heißen.

204 2742 279 2802 Die
317 2736 511 2796 Nachbarin
550 2736 606 2796 des
638 2739 802 2799 beltischen
840 2745 971 2805 Meeres
1010 2739 1166 2799 beseufzet

160 2804 207 2864 sich
244 2796 328 2856 selbst
353 2790 413 2850 aus
444 2787 552 2847 eigner
583 2793 831 2853 Empfindung.
886 2796 1013 2856 Nichts
1044 2789 1170 2849 schmei¬

160 2855 259 2915 chelte
281 2849 338 2909 und
360 2841 459 2901 nichts
489 2842 668 2902 hinterging
697 2844 732 2904 sie
754 2844 775 2904 so
804 2845 890 2905 sehr,
905 2847 954 2907 als
976 2846 1033 2906 das
1062 2841 1168 2901 zuver=

1205 1264 1355 1324 sichtliche
1386 1264 1566 1324 Vertrauen
1597 1264 1657 1324 auf
1682 1262 1729 1322 die
1760 1261 1978 1321 Sicherheit,
2014 1258 2129 1318 welche
2160 1258 2207 1318 die

1202 1313 1313 1373 Nacht
1335 1312 1424 1372 denen
1457 1314 1621 1374 Sorgen,
1648 1314 1701 1374 der
1728 1310 1844 1370 Arbeit
1861 1311 1918 1371 und
1956 1309 2004 1369 dem
2047 1308 2205 1368 Kummer

1200 1361 1406 1421 darzubieten
1433 1363 1571 1423 pflegte,
1598 1362 1662 1422 und
1694 1360 1746 1420 den
1779 1358 1900 1418 Schlaf
1927 1357 1954 1417 in
1981 1357 2214 1417 unbeängstig¬

1198 1408 1243 1468 ten
1272 1410 1492 1470 Athemzügen
1521 1410 1550 1470 zu
1578 1410 1776 1470 versprechen
1811 1407 1930 1467 schien.
1981 1407 2077 1467 Auf,
2100 1405 2111 1465 o
2140 1406 2207 1466 Be¬

1197 1458 1356 1518 trogene!
1383 1461 1430 1521 die
1457 1461 1509 1521 ihr
1547 1461 1594 1521 der
1621 1461 1716 1521 Ruhe
1748 1457 1806 1517 und
1838 1455 1891 1515 der
1913 1455 2023 1515 Nacht
2050 1455 2198 1515 entgegen

1711 1507 1802 1567 Auf!
1837 1506 1888 1566 das
1917 1503 2116 1563 kriegerische
2140 1505 2213 1565 Zei¬

1193 1510 1224 1570 zu
1251 1509 1459 1569 schlummern
1485 1509 1662 1569 beginnet!

1190 1556 1258 1616 chen
1301 1557 1354 1617 der
1397 1559 1608 1619 Trommel,

1643 1560 1697 1620 der
1730 1554 1946 1614 fürchterliche
1985 1554 2108 1614 Schall
2147 1556 2200 1616 der

1198 1608 1478 1668 Sturmglocken,
1505 1608 1547 1668 ein
1574 1608 1684 1668 wildes
1711 1605 1843 1665 Lärmen
1875 1604 1932 1664 und
1960 1602 2117 1662 Gedräng
2145 1604 2191 1664 des

1195 1656 1342 1716 Volkes,
1377 1658 1514 1718 welches
1543 1658 1616 1718 jetzo
1646 1658 1696 1718 die
1726 1655 1873 1715 nächtlich
1908 1652 2050 1712 einsame
2080 1652 2193 1712 Gassen

1198 1706 1357 1766 erfüllet,
1374 1706 1464 1766 rufet
1488 1709 1549 1769 euch
1578 1709 1606 1769 zu
1635 1706 1844 1766 gräslichen,
1868 1703 1935 1763 noch
1970 1703 2014 1763 nie
2038 1702 2207 1762 empfund¬

1679 1755 1725 1815 die
1755 1757 1853 1817 ganze
1872 1754 2088 1814 Atmosphäre
2118 1751 2199 1811 wird

1205 1755 1257 1815 nen
1290 1757 1423 1817 Scenen

1205 1802 1310 1862 Licht,
1332 1803 1390 1863 das
1417 1805 1575 1865 Gevögel
1597 1804 1655 1864 und
1682 1803 1771 1863 Wild
1799 1802 1883 1862 reget
1905 1805 1978 1865 sich,
2005 1805 2084 1865 wird
2111 1805 2211 1865 scheu,

1641 1849 1722 1909 Hier
1750 1846 1969 1906 gegenwärtig
2003 1849 2068 1909 seyn
2102 1852 2205 1912 heißet

1195 1894 1397 1954 empfinden,
1424 1894 1482 1954 und
1510 1894 1616 1954 sehen,
1644 1894 1824 1954 erschrecken
1852 1894 1915 1954 und
1937 1894 2070 1954 zittern.
2113 1895 2209 1955 Dort

1201 1945 1424 2005 einstürzende
1452 1944 1608 2004 Hauser,

1635 1945 1702 2005 hier
1733 1945 1801 2005 eine
1827 1945 1930 2005 bange
1962 1944 2118 2004 Stimme
2150 1947 2185 2007 um

1201 1993 1327 2053 Hülfe,
1357 1993 1402 2053 die
1420 1993 1466 2053 sich
1495 1993 1581 2053 durch
1611 1994 1668 2054 das
1692 1993 1847 2053 Geschrey
1882 1991 1933 2051 des
1957 1993 2078 2053 Volkes
2101 1996 2205 2056 ängst¬

1192 2040 1244 2100 lich
1266 2040 1592 2100 hindurcharbeitet;
1619 2040 1687 2100 man
1721 2043 1810 2103 eilet,
1838 2043 1907 2103 man
1939 2043 2099 2103 dränget,
2126 2043 2195 2103 man

1198 2093 1313 2153 stürzet
1334 2092 1591 2152 übereinander.

1649 2091 1812 2151 Trostlose
1839 2091 2052 2151 Unmündige
2079 2091 2117 2151 an
2150 2092 2198 2152 der

1203 2142 1307 2202 Seite
1335 2142 1423 2202 ihrer
1451 2142 1611 2202 Mutter;
1639 2145 1809 2205 armselige
1837 2145 1898 2205 und
1932 2142 2036 2202 elende
2059 2142 2207 2202 Kranke,

1197 2190 1244 2250 ein
1271 2190 1498 2250 ehrwürdiger
1525 2190 1630 2250 Greis
1662 2187 1677 2247 —

1793 2193 1814 2253 o
1842 2193 1960 2253 machet
1983 2193 2080 2253 Platz
2097 2193 2194 2253 diesen

1204 2240 1465 2300 Unglücklichen!
1489 2240 1506 2300 o
1536 2243 1634 2303 helfet
1658 2240 1751 2300 ihnen
1792 2243 1843 2303 zur
1873 2243 2007 2303 Flucht,
2036 2241 2135 2301 dieses
2165 2242 2204 2302 ist

1198 2291 1293 2351 ihnen
1322 2288 1441 2348 mehr,
1464 2291 1509 2351 als
1538 2291 1690 2351 Allmosen
1731 2294 1787 2354 und
1816 2294 2025 2354 Wohlthaten
2060 2291 2206 2351 austhei=

1418 2337 1479 2397 Ach
1513 2342 1613 2402 nein!
1642 2343 1691 2403 die
1709 2344 1876 2404 gefräßige
1893 2342 2038 2402 Flamme
2061 2341 2200 2401 erbeutet

1198 2387 1288 2447 sichre
1312 2387 1448 2447 Tempel
1471 2390 1528 2450 und
1557 2393 1824 2453 Heiligthümer.
1870 2390 1978 2450 Nicht
1995 2388 2085 2448 mehr
2109 2390 2193 2450 sollen

1195 2438 1244 2498 die
1267 2437 1440 2497 künstliche
1469 2440 1669 2500 Piramiden
1703 2443 1792 2503 ihrer
1815 2440 1965 2500 Thurme
1993 2439 2055 2499 auf
2078 2440 2205 2500 niedere

1201 2487 1322 2547 Hütten
1351 2485 1374 2545 so
1397 2488 1472 2548 stolz
1496 2491 1755 2551 herabschauen,
1784 2489 1870 2549 nicht
1900 2488 1986 2548 mehr
2015 2485 2067 2545 die
2096 2488 2205 2548 aufge¬

1203 2536 1300 2596 hende
1333 2536 1457 2596 Sonne
1485 2541 1587 2601 zuerst
1615 2542 1799 2602 begrüßen.
1843 2533 1940 2593 Wo?
1984 2534 2027 2594 wo
2060 2536 2124 2596 war
2152 2537 2205 2597 der

1203 2587 1516 2647 vielversprechende
1555 2593 1679 2653 Dienst
1718 2587 1842 2647 kühner
1886 2587 2205 2647 Kriegesmänner?

1203 2639 1293 2699 Ihre
1322 2640 1661 2700 Unerschrockenheit,
1690 2637 1752 2697 mit
1781 2637 1831 2697 der
1866 2635 2001 2695 Gefahr
2042 2637 2097 2697 und
2138 2637 2188 2697 dem

1204 2682 1294 2742 Tode
1318 2685 1345 2745 so
1369 2689 1533 2749 bekannt,
1556 2690 1606 2750 ihr
1629 2685 1884 2745 hülfbeeifender
1913 2683 1975 2743 Arm
2015 2685 2117 2745 hätten
2146 2684 2213 2744 ver¬

1204 2733 1335 2793 mittelst
1364 2739 1569 2799 freygebiger
1592 2736 1752 2796 Sprützen
1793 2736 1889 2796 diesem
1931 2736 2049 2796 Feinde
2079 2736 2204 2796 müthig

1203 2784 1408 2844 widerstehen
1448 2791 1507 2851 und
1540 2787 1637 2847 seinen
1670 2784 1903 2844 Eroberungen
1942 2786 1985 2846 ein
2019 2784 2094 2844 Ziel
2116 2784 2202 2844 setzen

1528 2838 1596 2898 Sie
1623 2838 1723 2898 eilen,
1749 2838 1793 2898 sie
1813 2838 1926 2898 fliehen
1958 2836 2090 2896 herbey.
2123 2832 2204 2892 Nun

1206 2835 1357 2895 mögen?

2125 2885 2225 2945 strei¬
