2479 3508
195 321 295 381 selben
337 318 455 378 Plane
485 309 662 369 gemacht,
704 306 775 366 aber
811 303 1041 363 nachgehends
1083 304 1212 364 kassirt.

186 372 266 432 Hier
292 371 359 431 sagt
379 365 471 425 unser
496 357 719 417 Uebersetzer,
738 353 862 413 Pope
881 354 973 414 hätte
993 354 1023 414 es
1055 354 1209 414 zerris¬

187 419 270 479 sen.
324 413 406 473 Der
436 407 601 467 Verfasser
638 404 684 464 der
721 401 898 461 brittischen
940 404 1135 464 Bibliothek
1159 403 1206 463 er¬

192 470 307 530 zählt,
328 462 449 522 Pope
476 458 565 518 håtte
586 455 624 515 es
644 455 908 515 verbrannt.
954 455 1109 515 Welches
1135 455 1199 515 mag

437 613 626 673 Berlin,
660 616 714 676 den
753 619 818 679 23.
845 616 964 676 Octob.

239 664 315 724 Se.
338 664 431 724 Maj.
454 664 503 724 der
526 664 635 724 König
664 666 762 726 haben
785 667 834 727 den
862 667 1044 727 bisherigen
1067 667 1204 727 Finanz=
1238 666 1309 726 chen
1337 664 1474 724 Vorfall
1497 664 1635 724 gehabt.

180 719 240 779 und
267 715 567 775 Commercienrath
603 713 715 773 Herrn
752 715 812 775 von
849 718 1062 778 Calzabigie,
1088 716 1195 776 wegen

189 767 291 827 seiner
319 763 541 823 vorzüglichen
574 763 850 823 Geschicklichkeit
883 766 910 826 in
954 768 1111 828 Finanz=
1133 766 1197 826 und

183 813 547 873 Commerciensachen,
563 812 594 872 zu
621 813 713 873 Dero
740 813 917 873 geheimten
954 815 1094 875 Finanz=
1136 813 1198 873 und

186 862 513 922 Commercienrath,
534 861 594 921 und
620 861 670 921 den
701 861 812 921 bisher
842 863 897 923 bey
938 864 988 924 der
1014 861 1190 921 Clevischen

175 915 315 975 Kriegs=
343 912 405 972 und
437 912 792 972 Domainenkammer
818 912 1011 972 gestandnen
1060 912 1205 972 Kriegs¬

184 962 280 1022 rath,
303 963 410 1023 Herrn
439 960 492 1020 von
525 963 715 1023 Derschau,
737 963 791 1023 zum
845 963 1105 1023 Geheimenrath
1133 963 1197 1023 und

187 1013 347 1073 Director
380 1012 430 1072 der
458 1013 662 1073 Geldrischen
697 1013 751 1073 und
779 1015 1017 1075 Moeursischen
1045 1013 1205 1073 Krieges¬

186 1064 247 1124 und
274 1064 640 1124 Domainenkammer,
666 1064 697 1124 zu
723 1064 862 1124 bestellen
899 1064 1053 1124 geruhet.
1111 1063 1188 1123 Den

184 1118 294 1178 20sten
328 1115 427 1175 dieses
461 1112 694 1172 Nachmittage
728 1111 766 1171 um
817 1112 833 1172 1
867 1115 955 1175 Uhr,
978 1115 1055 1175 starb
1094 1113 1199 1173 alhier

185 1166 236 1226 der
266 1166 428 1226 ehmalige
452 1163 642 1223 Preußische
666 1157 799 1217 Obriste
817 1160 880 1220 und
904 1163 991 1223 Chef
1021 1163 1107 1223 eines
1136 1162 1199 1222 Re¬

183 1213 328 1273 giments
354 1207 559 1267 Cavallerie,
580 1207 761 1267 Coadjutor
786 1204 836 1264 des
862 1210 1037 1270 Decanats
1063 1210 1113 1270 der
1138 1212 1198 1272 erz¬

178 1258 394 1318 bischöflichen
420 1255 538 1315 Kirche
559 1255 590 1315 zu
621 1253 858 1313 Magdeburg,
884 1255 935 1315 des
967 1258 1193 1318 Johanniter=
1230 1255 1281 1315 res
1308 1256 1358 1316 zum
1400 1252 1663 1312 Baumpflanzen
1694 1252 1755 1312 und
1782 1251 2013 1311 Weidensetzen
2045 1250 2132 1310 nicht
2153 1251 2240 1311 wohl

174 1306 293 1366 ordens
322 1303 432 1363 Ritter
452 1300 514 1360 und
538 1300 749 1360 residirender
778 1303 1041 1363 Commendator
1070 1303 1099 1363 zu
1133 1303 1194 1363 La=
1229 1303 1405 1363 tanglichen
1430 1300 1588 1360 Grundes
1617 1300 1674 1360 und
1694 1300 1832 1360 Bodens
1857 1300 2033 1360 zusammen
2063 1297 2100 1357 14
2125 1300 2244 1360 Schef¬

175 1353 271 1413 gow,
293 1351 382 1411 Herr
404 1348 575 1408 Hermann
607 1348 665 1408 von
698 1351 980 1411 Wartensleben,
1002 1351 1033 1411 im
1076 1351 1182 1411 65sten

192 1404 280 1464 Jahr
312 1399 418 1459 seines
454 1396 663 1456 ehrenvollen
699 1396 829 1456 Alters.

420 1446 702 1506 Stuttgard,
724 1446 776 1506 den
814 1446 851 1506 4.
878 1446 957 1506 Oct.

232 1497 311 1557 Des
343 1494 751 1554 verehrungswürdigsten
788 1494 1005 1554 Gelehrten,
1048 1491 1179 1551 welchen

175 1550 273 1610 unsre
294 1548 398 1608 Lande
424 1545 631 1605 aufzuweisen
663 1542 787 1602 haben,
819 1542 871 1602 des
908 1542 1011 1602 Herrn
1043 1542 1182 1602 Johann

182 1597 289 1657 Jacob
318 1596 374 1656 von
403 1596 516 1656 Moser
540 1593 727 1653 Loßlassung
756 1593 817 1653 aus
852 1590 954 1650 seinem
1005 1590 1192 1650 fünfjähri¬

184 1652 237 1712 gen
265 1648 372 1708 harten
400 1646 545 1706 Arreste,
568 1646 626 1706 hat
649 1644 713 1704 hier
746 1643 810 1703 eine
843 1643 1032 1703 allgemeine
1065 1643 1189 1703 Freude

186 1700 383 1760 verursacht.
426 1700 480 1760 Er
505 1697 570 1757 hält
595 1698 642 1758 sich
673 1697 739 1757 jetzt
757 1697 781 1757 in
812 1697 937 1757 hiesiger
962 1695 1076 1755 Stadt
1094 1697 1166 1757 auf.

298 1750 541 1810 Frankfurt
570 1750 614 1810 am
666 1751 818 1811 Main,
847 1748 897 1808 den
932 1751 971 1811 9.
1000 1748 1078 1808 Oct.

227 1796 301 1856 Der
328 1799 471 1859 Königl.
482 1799 614 1859 Preuß.
630 1799 884 1859 Kammerherr,
906 1796 996 1856 Herr
1018 1797 1187 1857 Marquis

174 1840 364 1900 d'Argens,
388 1840 478 1900 gieng
507 1839 554 1899 den
583 1839 654 1899 2ten
684 1837 783 1897 dieses
808 1837 874 1897 hier
898 1834 1007 1894 durch.
1055 1831 1107 1891 Er
1132 1834 1188 1894 hat
1223 1834 1318 1894 diesen
1347 1836 1541 1896 Gewächsen
1571 1837 1689 1897 einigen
1724 1835 1847 1895 Nutzen
1886 1840 1914 1900 zu
1943 1840 2080 1900 ziehen,
2114 1842 2142 1902 so
2176 1842 2233 1902 hat

180 1890 229 1950 sich
255 1886 411 1946 nirgends
437 1884 552 1944 länger
573 1880 618 1940 als
649 1882 749 1942 einige
775 1879 931 1939 Stunden
967 1876 1193 1936 aufgehalten,

172 1942 234 2002 und
263 1936 343 1996 setzte
372 1936 457 1996 seine
481 1932 577 1992 Reise
601 1932 629 1992 in
658 1932 709 1992 der
733 1930 852 1990 grösten
881 1928 1099 1988 Eilfertigkeit
1117 1929 1179 1989 nach

183 1992 292 2052 Paris
317 1987 402 2047 fort.

452 2028 641 2088 Altona,
666 2028 720 2088 den
758 2028 824 2088 16.
856 2027 934 2087 Oct.

219 2082 294 2142 Der
324 2079 699 2139 Rußisch=Kaiserliche
735 2079 968 2139 Großkanzler
999 2076 1092 2136 Graf
1122 2076 1180 2136 von

173 2136 395 2196 Woronzow,
423 2128 496 2188 wird
529 2130 613 2190 nicht
635 2133 703 2193 nach
735 2130 920 2190 Hannover
947 2127 1079 2187 sondern
1106 2129 1180 2189 nach

172 2188 291 2248 Berlin
320 2181 439 2241 gehen,
462 2181 524 2241 und
553 2181 690 2241 daselbst
714 2181 764 2241 den
793 2182 924 2242 Winter
947 2181 1026 2241 über
1055 2181 1191 2241 verblei¬

172 2239 263 2299 ben.

455 2279 618 2339 Cleve,
645 2276 699 2336 den
738 2278 797 2338 12.
825 2279 906 2339 Oct.

227 2335 276 2395 Am
321 2333 389 2393 9ten
427 2330 526 2390 dieses
559 2324 664 2384 hatten
703 2325 764 2385 wir
790 2330 858 2390 hier
891 2328 915 2388 in
959 2329 1172 2389 verschiednen

171 2386 350 2446 Gegenden
383 2380 437 2440 das
464 2378 600 2438 seltsame
627 2378 1002 2438 Natur=Phonomenon
1030 2379 1116 2439 eines
1144 2376 1187 2436 so¬

169 2435 353 2495 genannten
381 2427 609 2487 Blutregens.
659 2423 740 2483 Der
762 2430 855 2490 Herr
883 2427 1083 2487 Kriegsrath
1117 2426 1170 2486 von

171 2479 381 2539 Baumann,
404 2478 534 2538 welcher
562 2473 631 2533 auch
659 2470 707 2530 für
735 2474 778 2534 die
805 2479 995 2539 Aufnahme
1012 2476 1174 2536 nützlicher

169 2528 457 2588 Wissenschaften,
484 2524 582 2584 ausser
609 2521 708 2581 seinem
748 2526 799 2586 ihm
853 2527 1075 2587 anvertrauten
1109 2518 1180 2578 De=

173 2579 356 2639 partement
375 2573 501 2633 eifrigst
521 2569 647 2629 besorgt
666 2572 716 2632 ist,
736 2577 798 2637 hat
818 2580 950 2640 desfalls
976 2575 1026 2635 die
1046 2573 1184 2633 genaue¬

176 2631 233 2691 sten
267 2624 541 2684 Beobachtungen
567 2620 769 2680 angestellet,
802 2629 861 2689 und
894 2627 991 2687 davon
1025 2623 1154 2683 hiesigem

169 2681 278 2741 Herrn
307 2673 362 2733 D.
383 2670 527 2730 Schütte
555 2670 624 2730 eine
652 2668 776 2728 Flasche
811 2673 866 2733 von
901 2676 1087 2736 dergleichen
1129 2670 1183 2730 ro¬

173 2734 240 2794 then
271 2723 393 2783 Wasser
418 2721 467 2781 zur
492 2718 632 2778 näheren
658 2721 903 2781 Untersuchung
934 2727 964 2787 in
996 2724 1167 2784 Ansehung

170 2783 223 2843 des
247 2775 490 2835 Verhältnisses
520 2769 662 2829 desselben
698 2769 787 2829 gegen
817 2772 864 2832 die
888 2775 1101 2835 Gesundheit
1114 2772 1172 2832 und

166 2832 225 2892 der
258 2825 456 2885 eigentlichen
479 2820 608 2880 Ursache
641 2818 710 2878 solch
749 2819 829 2879 einer
862 2825 975 2885 seltnen
1014 2823 1185 2883 Naturbe,
1213 2820 1363 2880 nungen,
1391 2823 1450 2883 und
1478 2825 1526 2885 der
1553 2825 1644 2885 dabey
1672 2820 1947 2880 anzuwendenden
1980 2823 2087 2883 Mühe
2109 2823 2216 2883 einzu¬

164 2885 332 2945 gebenheit
362 2873 552 2933 zugesandt.
619 2875 670 2935 Zu
700 2870 839 2930 Rhenen
869 2877 897 2937 in
928 2879 978 2939 der
1009 2876 1162 2936 Provinz

1240 302 1315 362 denn
1350 300 1443 360 wohl
1473 300 1519 360 die
1555 303 1659 363 rechte
1689 306 1805 366 Lesart
1834 306 1945 366 seyn?
1998 305 2114 365 Kostet
2144 307 2172 367 in
2208 308 2259 368 der

1241 353 1452 413 Kanterschen
1477 354 1751 414 Buchhandlung
1788 358 1927 418 allhier,
1958 357 2018 417 wie
2049 357 2121 417 auch
2152 357 2182 417 in
2207 359 2267 419 El=

1241 404 1316 464 bing
1342 404 1398 464 und
1431 401 1543 461 Mitau
1575 401 1587 461 9
1614 403 1669 463 gr.

1239 616 1382 676 Utrecht,
1410 616 1465 676 hat
1488 616 1559 676 man
1587 615 1647 675 wie
1676 616 1736 676 wir
1764 619 1984 679 vernehmen,
2013 619 2078 679 eben
2118 619 2255 679 derglei¬

1424 712 1744 772 Wittenberg,
1782 712 1835 772 den
1873 712 1909 772 8.
1936 712 2059 772 Octob.

1282 760 1361 820 Laut
1389 761 1473 821 eines
1500 760 1553 820 vom
1596 762 1649 822 dem
1687 763 1825 823 hiesigen
1846 761 2160 821 Commissionsrath
2187 760 2245 820 und

1233 810 1507 870 Kreisamtmann
1538 810 1631 870 Hrn.
1658 813 1813 873 Heinrich
1844 810 2010 870 Amadeus
2041 810 2134 870 Hase
2161 810 2253 870 kürz¬

1233 864 1286 924 lich
1313 861 1499 921 extrahirten
1537 860 1792 920 Verzeichnisses
1819 861 1877 921 sind
1904 860 1925 920 in
1963 858 2015 918 dem
2059 858 2255 918 gegenwär¬

1232 912 1314 972 tigen
1353 910 1514 970 1764sten
1547 909 1680 969 Jahres
1708 911 1735 971 in
1775 910 1824 970 dem
1869 909 1991 969 Bezirk
2019 908 2074 968 des
2103 909 2235 969 hiesigen

1236 960 1431 1020 Kreisamts
1457 962 1689 1022 Wittenberg,
1720 960 1853 1020 welches
1885 960 1946 1020 aus
1978 960 2018 1020 52
2050 960 2235 1020 Gemeinen

1234 1010 1400 1070 bestehet,
1422 1013 1516 1073 unter
1539 1010 1682 1070 Aufsicht
1710 1010 1765 1070 des
1794 1013 1942 1073 bestellten
1976 1008 2158 1068 Planteurs
2192 1009 2247 1069 Ul¬

1234 1061 1290 1121 rich
1325 1063 1466 1123 Kählein
1501 1064 1597 1124 7997
1631 1062 1835 1122 Obstbäume
1870 1061 1932 1121 und
1972 1061 2085 1121 27868
2126 1058 2244 1118 andere

1236 1112 1368 1172 Bäume
1395 1112 1452 1172 und
1479 1112 1612 1172 Weiden
1639 1112 1792 1172 gesetzet,
1809 1112 1866 1172 und
1899 1112 1956 1172 338
1978 1112 2147 1172 gepropfet
2164 1109 2248 1169 wor=

1375 1163 1550 1223 Hierüber
1581 1160 1681 1220 haben
1727 1160 1777 1220 die
1818 1160 1832 1220 4
1873 1160 2054 1220 Gemeinen
2095 1157 2245 1217 Danna,

1233 1162 1312 1222 den.

1236 1210 1478 1270 Blöhnsdorf,
1500 1206 1788 1266 Eckmannsdorf,
1794 1206 1850 1266 und
1877 1204 2047 1264 Bergwitz
2068 1203 2171 1263 wegen
2197 1204 2243 1264 ih¬

1223 1349 1272 1409 fel
1293 1348 1307 1408 4
1338 1347 1458 1407 Metzen
1499 1348 1694 1408 Dresdener
1725 1348 1830 1408 Maaß
1866 1348 2122 1408 Fichtensaamen
2157 1348 2237 1408 aus¬

1218 1396 1342 1456 gesäet.
1403 1396 1489 1456 Auch
1528 1396 1587 1456 hat
1615 1396 1669 1456 der
1697 1396 1766 1456 Hr.
1789 1396 2104 1456 Commissionsrath
2148 1396 2234 1456 Hase

1221 1442 1307 1502 selbst
1329 1442 1356 1502 in
1389 1441 1437 1501 der
1459 1443 1595 1503 hiesigen
1623 1443 1780 1503 Vorstadt
1802 1446 1840 1506 92
1868 1443 2171 1503 Maulbeerbäume
2199 1443 2225 1503 in

1218 1491 1353 1551 gerader
1381 1491 1461 1551 Linie
1483 1493 1684 1553 gepflanzet.
1744 1493 1868 1553 Dieses
1901 1494 1993 1554 Jahr
2015 1493 2074 1553 sind
2102 1493 2155 1553 bey
2183 1493 2231 1553 der

1218 1541 1353 1601 feuchten
1384 1542 1572 1602 Witterung
1602 1541 1632 1601 an
1663 1542 1759 1602 vielen
1790 1542 1886 1602 Orten
1912 1539 2008 1599 dieses
2034 1542 2225 1602 Kreisamts

1220 1590 1271 1650 die
1292 1589 1415 1649 Disteln
1447 1590 1503 1650 und
1529 1590 1652 1650 Kletten
1684 1590 1745 1650 viel
1767 1590 1941 1650 häufiger,
1962 1592 2013 1652 als
2040 1588 2070 1648 in
2107 1590 2220 1650 andern

1232 1640 1352 1700 Jahren
1381 1639 1585 1699 gewachsen,
1619 1640 1679 1700 und
1712 1640 1883 1700 besonders
1912 1640 1961 1700 die
1989 1640 2231 1700 Häthungsge¬

1218 1694 1336 1754 genden
1370 1694 1451 1754 ganz
1473 1691 1581 1751 damit
1603 1691 1798 1751 überzogen,
1825 1692 1884 1752 und
1913 1694 2004 1754 wenn
2031 1693 2075 1753 die
2102 1691 2237 1751 Schaa=

1223 1748 1250 1808 fe
1277 1745 1330 1805 von
1363 1745 1411 1805 der
1433 1745 1551 1805 Weide
1574 1745 1843 1805 zurückgetrieben
1876 1746 2021 1806 werden,
2038 1745 2151 1805 selbige
2173 1745 2231 1805 mit

1223 1796 1351 1856 Kletten
1377 1796 1459 1856 stark
1480 1796 1640 1856 behangen
1671 1796 1825 1856 gewesen.
1892 1796 1944 1856 Um
1980 1796 2042 1856 nun
2073 1796 2139 1856 auch
2166 1796 2222 1856 von

1217 1879 1285 1939 man
1320 1876 1383 1936 hier
1408 1879 1604 1939 angefangen
1639 1878 1693 1938 von
1723 1879 1771 1939 den
1796 1879 1919 1939 Disteln
1949 1882 2046 1942 etwas
2071 1886 2218 1946 Saamen

1215 1927 1246 1987 zu
1273 1927 1453 1987 sammlen.
1501 1925 1623 1985 Dieser
1644 1927 1861 1987 Distelsaame
1888 1930 1962 1990 wird
1994 1929 2046 1989 itzo
2085 1932 2137 1992 bey
2174 1935 2227 1995 der

1211 1978 1237 2038 in
1271 1978 1319 2038 der
1341 1975 1477 2035 hiesigen
1506 1978 1723 2038 Amtsmühle
1746 1978 1997 2038 neuangelegten
2025 1981 2226 2041 Oehlmühle

1215 2025 1276 2085 mit
1302 2025 1576 2085 ausgeschlagen,
1613 2028 1674 2088 und
1705 2028 1803 2088 zeiget
1830 2028 1875 2088 sich
1913 2028 2010 2088 davon
2052 2030 2093 2090 ein
2130 2034 2217 2094 gutes

1214 2079 1384 2139 besonders
1418 2076 1472 2136 zur
1506 2076 1682 2136 Mahlerey
1716 2079 1842 2139 diensam
1887 2079 2086 2139 scheinendes
2119 2082 2235 2142 Oehl.

1216 2127 1320 2187 Wenn
1349 2125 1398 2185 sich
1421 2124 1448 2184 zu
1481 2127 1575 2187 dieser
1597 2129 1658 2189 Art
1680 2127 1735 2187 von
1758 2130 1845 2190 Oehl
1874 2130 2066 2190 genugsame
2089 2130 2227 2190 Liebha=

1215 2179 1266 2239 ber
1292 2176 1390 2236 finden
1421 2178 1545 2238 sollten,
1566 2178 1643 2238 wird
1669 2180 1735 2240 man
1767 2181 1875 2241 weiter
1901 2181 2004 2241 damit
2025 2181 2226 2241 fortfahren,

1211 2229 1283 2289 auch
1311 2226 1566 2286 Klettensaamen
1595 2229 1744 2289 sammlen
1778 2231 1833 2291 und
1855 2231 2055 2291 ausschlagen
2089 2234 2199 2294 laßen.

1489 2279 1692 2339 London,
1723 2279 1784 2339 vom
1841 2282 1876 2342 2.
1907 2279 1988 2339 Oct.

1261 2324 1360 2384 Unter
1383 2324 1432 2384 den
1455 2324 1510 2384 seit
1528 2327 1643 2387 einiger
1661 2332 1733 2392 Zeit
1745 2331 2066 2391 bekanntgemachten
2095 2330 2222 2390 Schrif=

1206 2378 1277 2438 ten,
1300 2375 1438 2435 befindet
1461 2375 1510 2435 sich
1544 2377 1583 2437 ein
1617 2381 1733 2441 Brief,
1751 2383 1844 2443 dessen
1873 2381 2039 2441 Verfasser
2062 2381 2111 2441 den
2139 2381 2217 2441 jetzi¬

1207 2427 1265 2487 gen
1292 2423 1471 2483 Ministern
1514 2426 1576 2486 und
1614 2432 1735 2492 denen,
1768 2432 1820 2492 die
1852 2431 1947 2491 ihnen
1990 2429 2068 2489 etwa
2106 2429 2211 2489 folgen

1212 2473 1370 2533 möchten,
1408 2474 1561 2534 folgende
1593 2481 1630 2541 13
1667 2479 1793 2539 Artikel
1815 2478 1867 2538 zur
1900 2477 2079 2537 ernstlichen
2111 2474 2222 2534 Erwe¬

1203 2524 1291 2584 gung
1314 2521 1492 2581 empfielet.
1543 2524 1587 2584 1)
1604 2530 1670 2590 Alle
1693 2527 1876 2587 Pensionen
1905 2524 2133 2584 einzuziehen,
2161 2527 2222 2587 au¬

1200 2574 1258 2634 ßer
1285 2572 1492 2632 diejenigen,
1524 2578 1641 2638 welche
1684 2577 1826 2637 dürftige
1848 2572 2012 2632 Personen
2045 2575 2214 2635 genießen,

1205 2621 1279 2681 oder
1301 2620 1348 2680 die
1370 2622 1423 2682 zur
1450 2626 1656 2686 Belohnung
1683 2624 1858 2684 wirklicher
1885 2623 2023 2683 Dienste
2050 2626 2113 2686 und
2145 2626 2219 2686 ver¬

1203 2670 1327 2730 dienter
1349 2670 1506 2730 Männer
1528 2678 1679 2738 ertheilet
1696 2673 1842 2733 worden.
1892 2670 1934 2730 2)
1968 2674 2037 2734 Alle
2060 2676 2211 2736 geistliche

1206 2718 1395 2778 Beneficien
1428 2721 1510 2781 ohne
1532 2727 1711 2787 Seelsorge
1733 2721 1972 2781 abzuschaffen,
1994 2724 2059 2784 und
2082 2724 2130 2784 die
2152 2724 2216 2784 Be¬

1205 2769 1376 2829 soldungen
1402 2771 1473 2831 nach
1509 2775 1564 2835 der
1595 2772 1721 2832 Würde
1752 2769 1802 2829 der
1828 2772 1964 2832 Aemter
1995 2774 2055 2834 und
2091 2772 2217 2832 Bedie¬

1199 2870 1337 2930 richten.
1387 2877 1434 2937 3)
1459 2879 1531 2939 Die
1562 2873 1738 2933 Einkünfte
1769 2872 1822 2932 der
1848 2873 2041 2933 öffentlichen
2078 2870 2205 2930 Aemter

2138 2924 2220 2984 ein=
