2479 3508
165 324 344 384 linstimme
368 321 415 381 den
445 320 690 380 Generalbaß;
726 323 773 383 5)
797 318 982 378 präludirte
1006 321 1065 381 und
1090 319 1196 379 phan¬

164 373 270 433 tasirte
297 372 430 432 dieselbe
452 372 552 432 ganze
580 369 739 429 Stunden
767 371 841 431 lang
868 369 926 429 aus
959 369 1049 429 ihrem
1087 369 1193 429 Kopf,

173 422 236 482 und
268 420 379 480 wußte
412 416 459 476 die
491 419 639 479 artigsten
666 416 814 476 Einfälle
846 419 910 479 mit
937 418 1085 478 schönster
1112 416 1196 476 Har¬

174 472 284 532 monie
306 471 337 531 zu
364 470 569 530 verbinden;
617 467 659 527 6)
692 467 797 527 wußte
818 467 855 527 sie
876 467 955 527 ohne
982 467 1103 527 einiges
1130 467 1198 527 Ju¬

179 521 333 581 strument
359 521 405 581 den
437 518 508 578 Baß
546 518 576 578 zu
613 518 700 578 einer
726 515 974 575 Violinstimme
1006 518 1036 578 zu
1078 518 1196 578 setzen;

177 581 220 641 7)
248 572 347 632 legten
381 569 430 629 ihr
459 566 780 626 Musikverständige
808 566 846 626 ein
874 566 995 626 Thema
1018 566 1073 626 zum
1118 566 1200 626 Me¬

176 622 260 682 nuet
282 619 361 679 vor,
388 616 520 676 welches
547 616 584 676 sie
605 616 727 676 sogleich
759 616 960 676 ausführte,
987 616 1108 676 sammt
1130 613 1198 673 Va¬

171 671 333 731 riationen
374 669 435 729 und
466 664 552 724 Trio
583 664 781 724 bekleidete,
823 666 888 726 und
924 664 949 724 in
991 664 1199 724 Gegenwart

180 723 262 783 aller
296 718 395 778 hohen
434 712 655 772 Anwesenden
695 715 727 775 zu
761 713 888 773 Papier
917 715 1027 775 setzte;
1077 715 1121 775 8)
1149 714 1198 774 be¬

176 771 300 831 nannte
322 767 358 827 sie
384 766 410 826 in
436 766 488 826 der
509 766 717 826 Entfernung
749 764 805 824 alle
832 766 946 826 Töne,
983 763 1097 823 welche
1118 763 1190 823 man

178 820 231 880 ihr
253 817 311 877 auf
333 813 683 873 Musikinstrumenten
710 813 837 873 angab,
859 813 1103 873 augenblicklich
1130 809 1188 869 und

171 870 327 930 accurat;
374 867 420 927 9)
452 864 588 924 bedeckte
620 862 655 922 sie
687 861 744 921 das
771 861 927 921 Manuale
959 861 1010 921 des
1037 861 1188 921 Claviers

181 919 243 979 mit
264 918 351 978 einem
399 912 512 972 Tuch,
533 912 621 972 nahm
668 912 766 972 anbey
803 912 854 972 die
875 912 978 972 Harfe
1010 909 1035 969 zu
1072 909 1196 969 unterst

182 968 246 1028 und
274 963 394 1023 oberst,
416 963 475 1023 und
503 963 628 1023 spielete
651 962 704 1022 auf
727 961 841 1021 beyden
869 960 1124 1020 Instrumenten
1152 959 1206 1019 zu¬

186 1019 278 1079 gleich
311 1013 381 1073 Solo
415 1012 474 1072 und
502 1010 697 1070 Concerten.

411 1079 619 1139 London,
649 1080 707 1140 vom
765 1079 829 1139 16.
864 1082 962 1142 Nov.

224 1136 321 1196 Drey
350 1134 492 1194 gelehrte
516 1130 796 1190 Naturkündiger
825 1129 933 1189 waren
969 1130 1048 1190 diese
1077 1128 1197 1188 Woche

189 1193 220 1253 zu
247 1187 448 1247 Grenwich,
469 1183 532 1243 und
559 1178 675 1238 wolten
707 1178 844 1238 daselbst
876 1178 1103 1238 Experimente
1135 1178 1182 1238 ma

187 1237 282 1297 chen.
328 1238 406 1298 Ihr
429 1231 604 1291 Vorhaben
644 1228 735 1288 war,
769 1228 853 1288 einen
893 1228 989 1288 Hahn
1029 1228 1113 1288 durch
1153 1225 1198 1285 die

190 1285 395 1345 Electricität
417 1282 444 1342 zu
471 1279 596 1339 tödten.
651 1279 753 1339 Allein
786 1276 823 1336 sie
846 1279 954 1339 waren
987 1277 1198 1337 unglücklich.

194 1334 294 1394 Einer
321 1333 374 1393 von
406 1330 501 1390 ihnen
528 1330 617 1390 bekam
671 1327 755 1387 einen
793 1329 904 1389 solchen
942 1329 1057 1389 Stoß,
1085 1327 1137 1387 daß
1170 1327 1201 1387 er

190 1386 256 1446 eine
284 1382 378 1442 halbe
401 1381 540 1441 Stunde
574 1378 734 1438 sprachloß
768 1378 874 1438 blieb,
908 1378 968 1438 und
1002 1380 1046 1440 die
1080 1378 1196 1438 beyder

186 1434 299 1494 andern
330 1431 472 1491 befinden
503 1428 550 1488 sich
581 1430 730 1490 ebenfals
755 1426 945 1486 unpäßlich.

420 1500 676 1560 Warschau,
699 1500 750 1560 den
791 1500 852 1560 13.
876 1500 972 1560 Dec.

235 1556 299 1616 Als
320 1554 373 1614 sich
405 1554 463 1614 nur
501 1552 548 1612 die
576 1548 857 1608 Landbotenstube
890 1549 953 1609 mit
986 1548 1033 1608 dem
1087 1548 1203 1608 Senat

185 1605 373 1665 vereinigt,
406 1604 433 1664 so
466 1602 595 1662 wurden
633 1600 681 1660 die
704 1600 1050 1660 Berathschlagungen
1088 1599 1201 1659 gegen-
1240 1599 1315 1659 tage
1348 1599 1531 1659 bestehen:
1586 1602 1634 1662 1)
1667 1602 1715 1662 die
1749 1602 1851 1662 Leges
1884 1605 2105 1665 sumptuariae
2149 1605 2251 1665 wider

182 1654 339 1714 wärtigen
372 1649 590 1709 Reichstages
612 1649 775 1709 beständig
803 1646 830 1706 im
863 1649 982 1709 Senat
999 1647 1206 1707 fortgesetzet,

193 1702 249 1762 und
274 1698 316 1758 die
336 1697 508 1757 Sessiones
537 1696 652 1756 dauren
681 1694 843 1754 bisweilen
872 1694 891 1754 in
925 1694 967 1754 die
987 1693 1068 1753 späte
1083 1691 1207 1751 Nacht.

188 1747 267 1807 Se.
287 1745 430 1805 Königl.
450 1742 548 1802 Maj.
563 1739 681 1799 äußern
711 1738 760 1798 sich
795 1736 849 1796 bey
879 1736 963 1796 jeder
988 1733 1195 1793 Proposition

189 1795 251 1855 mit
272 1790 365 1850 Dero
386 1787 661 1847 Wohlmeynung
687 1787 858 1847 besonders
890 1784 946 1844 bey
979 1783 1201 1843 entstehenden

190 1843 435 1903 Controversien
469 1840 590 1900 sowohl
619 1840 763 1900 zwischen
797 1838 891 1898 denen
925 1837 1025 1897 Herrn
1059 1836 1214 1896 Senato¬

186 1897 272 1957 ren,
295 1894 343 1954 als
371 1892 578 1952 Landboten.
632 1888 991 1948 Allerhöchstdieselben
1019 1890 1117 1950 haben
1144 1887 1198 1947 das

194 1945 368 2005 lithausche
395 1942 654 2002 Referendariat
681 1939 733 1999 den
760 1939 854 1999 Hrn.
871 1939 1061 1999 Oskierko,
1082 1939 1209 1999 lithau¬

194 1996 273 2056 schen
305 1993 505 2053 Schenken,
532 1990 584 2050 das
612 1990 860 2050 Schenkenamt
882 1987 934 2047 den
961 1988 1051 2048 Hrn.
1072 1987 1209 2047 Oleudz=

196 2045 227 2105 ki
254 2043 439 2103 Marschall
472 2039 530 2099 von
568 2037 795 2097 Wolkobysk,
838 2037 901 2097 und
939 2037 997 2097 das
1029 2034 1204 2094 lithausche

197 2091 436 2151 Truchsenamt
463 2088 517 2148 dem
562 2088 691 2148 Fürsten
719 2086 958 2146 Czartoryski,
986 2086 1040 2146 des
1067 2084 1213 2144 Kronjä¬

192 2143 398 2203 germeisters
437 2138 567 2198 Sohne
595 2136 628 2196 zu
666 2137 818 2197 ertheilen
862 2136 1031 2196 geruhet,
1064 2133 1200 2193 zugleich

197 2192 272 2252 aufs
305 2187 522 2247 Bischofthum
571 2187 782 2247 Preawslien
826 2187 880 2247 den
918 2184 1016 2244 Hrn.
1049 2184 1211 2244 Wenzyki

195 2237 334 2297 Bischof
357 2237 412 2297 von
441 2234 580 2294 Chelw,
614 2237 675 2297 und
709 2234 787 2294 aufs
810 2236 1010 2296 Cheliwsche
1038 2231 1094 2291 den
1122 2233 1211 2293 Hrn.

194 2288 345 2348 Kierski,
371 2283 663 2343 Kronsecretarius
694 2282 886 2342 conferiret,
912 2283 941 2343 da
972 2282 1047 2342 aber
1068 2282 1204 2342 letzterer

190 2338 290 2398 dieses
318 2335 536 2395 Bischofthum
574 2333 658 2393 nicht
675 2333 856 2393 annehmen
889 2333 1021 2393 wollen,
1049 2333 1075 2393 so
1102 2331 1208 2391 dürfte

190 2386 222 2446 es
261 2384 314 2444 den
354 2384 446 2444 Hrn.
474 2381 621 2441 Olenski
643 2378 785 2438 Bischof
807 2381 834 2441 in
873 2383 1025 2443 partibus
1053 2381 1080 2441 zu
1113 2381 1211 2441 Theil

197 2435 348 2495 werden,
370 2435 418 2495 die
440 2432 537 2492 Abtey
570 2432 624 2492 von
657 2429 846 2489 Czerwinsk
868 2432 1019 2492 hingegen
1052 2432 1100 2492 der
1117 2432 1209 2492 Graf

191 2486 435 2546 Poniatowski
457 2481 579 2541 Prålat
606 2479 659 2539 von
691 2479 845 2539 Cracau,
872 2481 1036 2541 erhalten.

243 2533 401 2593 Nachdem
439 2530 492 2590 dem
535 2530 624 2590 Hrn.
645 2527 1000 2587 Krongroßmarschall
1017 2530 1111 2590 Graf
1133 2527 1217 2587 Bie¬

195 2584 305 2644 linski
322 2581 410 2641 durch
444 2581 499 2641 den
527 2578 754 2638 Reichsschluß
788 2578 831 2638 die
860 2581 1213 2641 Marschalls=Juris¬

194 2633 315 2693 diction
347 2629 464 2689 wieder
491 2629 670 2689 zugestellet
692 2628 840 2688 worden,
856 2626 878 2686 so
905 2629 957 2689 hat
979 2630 1116 2690 besagter
1143 2628 1211 2688 Mi¬

199 2682 294 2742 nister
330 2679 365 2739 am
411 2676 506 2736 10ten
542 2679 637 2739 dieses
673 2676 753 2736 seine
779 2676 1061 2736 Gerichtsbarkeit
1087 2676 1202 2736 wieder

196 2730 427 2790 reassumiret;
455 2727 486 2787 es
508 2727 581 2787 wird
602 2725 808 2785 gesprochen,
819 2724 871 2784 daß
893 2724 918 2784 er
940 2726 1030 2786 dieses
1057 2726 1214 2786 Ministe¬

196 2781 270 2841 rium
312 2778 365 2838 zum
408 2775 523 2835 Besten
550 2775 602 2835 des
629 2778 755 2838 Fürsten
777 2772 988 2832 Lubomirski
1009 2775 1209 2835 Kronwäch¬

194 2829 257 2889 ters
285 2825 475 2885 resigniren,
491 2824 554 2884 und
581 2826 713 2886 dagegen
746 2826 793 2886 die
815 2823 1021 2883 Masovische
1037 2825 1217 2885 Woywod¬

203 2878 302 2938 schaft
319 2876 458 2936 erhalten
497 2873 624 2933 werde;
653 2875 702 2935 die
725 2873 990 2933 Woywodschaft
1019 2875 1074 2935 von
1108 2876 1224 2936 Inno¬

195 2930 357 2990 waroclau
386 2925 425 2985 ist
448 2924 515 2984 noch
543 2927 571 2987 in
594 2924 762 2984 suspenso.

1276 318 1431 378 Obgleich
1462 318 1720 378 gegenwärtiger
1739 324 1914 384 Reichstag
1944 321 2005 381 mit
2023 321 2149 381 größter
2168 322 2245 382 Em¬

1234 369 1339 429 sigkeit
1361 369 1502 429 gehalten
1535 367 1639 427 wird;
1666 371 1692 431 so
1719 372 1788 432 will
1804 372 1872 432 doch
1899 372 2093 432 verlauten,
2120 371 2172 431 daß
2210 373 2241 433 er

1226 416 1332 476 wegen
1364 416 1508 476 häufiger
1535 419 1752 479 vorfallenden
1785 419 1954 479 Materien
1992 420 2040 480 bis
2067 417 2247 477 Weynach¬

1226 467 1274 527 ten
1308 467 1421 527 dauren
1455 464 1574 524 dörfte.
1634 468 1704 528 Auf
1727 470 1775 530 der
1797 472 1949 532 gestrigen
1977 470 2113 530 Session
2141 470 2178 530 ist
2200 470 2248 530 die

1227 515 1355 575 Macht
1383 514 1436 574 der
1469 515 1657 575 lithauschen
1690 520 1750 580 mit
1783 520 1831 580 dem
1869 515 1955 575 Erb=
1972 521 2030 581 und
2058 520 2230 580 Feldherrn

1231 563 1437 623 verglichen,
1464 565 1526 625 und
1563 566 1635 626 eine
1661 569 1987 629 Reichscommission
2025 572 2050 632 in
2087 573 2237 633 Lithauen

1226 613 1321 673 durch
1349 613 1433 673 einen
1461 616 1689 676 Reichsschluß
1717 619 1887 679 angesetzet
1909 621 2058 681 worden.

1280 662 1347 722 Die
1376 662 1506 722 Fürsten
1546 667 1766 727 Abgesandten
1801 667 1857 727 des
1886 670 1988 730 Russ.
2011 670 2073 730 und
2107 673 2243 733 Preuß.

1232 712 1336 772 Hofes
1371 712 1470 772 haben
1503 712 1531 772 im
1570 717 1703 777 Namen
1731 717 1819 777 ihrer
1853 718 1991 778 höchsten
2025 720 2235 780 Principalen

1234 761 1292 821 auf
1324 760 1584 820 gegenwärtigem
1632 766 1833 826 Reichstage
1860 767 2008 827 folgende
2040 769 2247 829 Propositio¬

1229 808 1285 868 nes
1312 807 1519 867 übergeben,
1567 812 1613 872 1)
1639 816 1748 876 damit
1769 815 1862 875 denen
1889 816 2096 876 Dissidenten
2123 818 2164 878 ein
2195 818 2252 878 pu¬

1227 858 1351 918 bliques
1390 858 1570 918 Exercitium
1614 861 1805 921 Religionis
1838 866 1859 926 in
1898 867 2028 927 Pohlen
2067 868 2252 928 verstattet,

1227 909 1276 969 2)
1299 909 1448 969 dieselben
1477 909 1509 969 zu
1538 912 1615 972 allen
1643 915 1881 975 Ehrenämtern
1910 917 2104 977 zugelaßen,
2132 919 2176 979 3)
2199 918 2248 978 de¬

1231 957 1284 1017 nen
1321 958 1490 1018 Bischöfen
1528 957 1607 1017 ritus
1629 960 1745 1020 Graeci
1767 963 1814 1023 der
1836 963 1920 1023 Sitz
1942 965 1968 1025 im
2011 967 2127 1027 Senat
2159 966 2249 1026 zuge=

1234 1004 1383 1064 standen,
1428 1008 1471 1068 4)
1500 1007 1571 1067 eine
1594 1007 1671 1067 Off=
1693 1010 1754 1070 und
1782 1013 2064 1073 Defensivallianz
2092 1016 2235 1076 zwischen

1238 1055 1287 1115 der
1310 1055 1475 1115 Republik
1498 1055 1558 1115 und
1586 1058 1657 1118 Sr.
1669 1058 1807 1118 Preuß.
1824 1061 1923 1121 Maj.
1940 1062 2116 1122 erwählet,
2139 1064 2182 1124 5)
2200 1066 2243 1126 die

1238 1103 1530 1163 Gränzscheidung
1563 1106 1704 1166 zwischen
1737 1109 1866 1169 Pohlen
1905 1109 1964 1169 und
1992 1110 2149 1170 Rußland
2182 1111 2257 1171 vor¬

1231 1151 1422 1211 genommen
1453 1153 1572 1213 werden
1598 1157 1706 1217 möge.
1758 1157 1830 1217 Die
1857 1160 1965 1220 erstren
1991 1162 2006 1222 4
2032 1160 2161 1220 Puncte
2182 1161 2244 1221 sind

1230 1201 1316 1261 nicht
1333 1204 1601 1264 angenommen,
1628 1207 1688 1267 und
1716 1207 1743 1267 es
1771 1207 1869 1267 haben
1902 1208 1973 1268 Sr.
1995 1210 2142 1270 Majest.
2159 1211 2251 1271 groß¬

1238 1252 1362 1312 müthig
1391 1252 1554 1312 erkläret,
1578 1255 1639 1315 wie
1663 1258 1730 1318 Sie
1759 1258 1861 1318 nichts
1895 1261 1945 1321 zum
1986 1261 2172 1321 Nachtheil
2195 1261 2245 1321 der

1239 1303 1460 1363 Catholischen
1495 1305 1648 1365 Religion
1688 1309 1835 1369 eingehen
1876 1309 2029 1369 werden,
2064 1311 2126 1371 und
2161 1310 2245 1370 Sich

1234 1351 1329 1411 selbst
1351 1351 1424 1411 vors
1451 1351 1552 1411 Recht
1574 1354 1631 1414 und
1658 1356 1812 1416 Glauben
1839 1359 2008 1419 aufopfern
2041 1360 2172 1420 wollen.
2199 1359 2246 1419 Es

1231 1403 1340 1463 dürfte
1361 1402 1423 1462 also
1450 1402 1543 1462 dieser
1559 1404 1736 1464 Reichstag
1763 1407 1908 1467 zumalen
1935 1407 1986 1467 sub
2013 1407 2143 1467 vinculo
2164 1407 2252 1467 Con-

1234 1449 1483 1509 foederationis
1504 1452 1644 1512 glücklich
1676 1455 1842 1515 bestehen.
1889 1458 2065 1518 Vermöge
2086 1455 2138 1515 der
2165 1453 2257 1513 Bey¬

1239 1500 1419 1560 stimmung
1450 1503 1666 1563 sämmtlicher
1703 1503 1888 1563 Woywod=
1919 1506 1981 1566 und
2017 1506 2243 1566 Landschaften

1243 1548 1366 1608 werden
1394 1549 1588 1609 ohnfehlbar
1610 1554 1756 1614 folgende
1784 1557 1913 1617 Zusätze
1940 1556 1999 1616 auf
2027 1556 2075 1616 dem
2119 1557 2253 1617 Reichs¬

1234 1647 1311 1707 allem
1353 1647 1550 1707 Ueberfluß,
1592 1649 1638 1709 2)
1670 1649 1789 1709 anstatt
1811 1652 1862 1712 des
1884 1652 2080 1712 Kopfgeldes
2107 1652 2163 1712 soll
2185 1652 2251 1712 eine

1242 1694 1349 1754 Accise
1378 1689 1438 1749 auf
1461 1691 1517 1751 alle
1541 1691 1666 1751 Vivres
1694 1694 1755 1754 und
1779 1697 1946 1757 Getränke
1970 1695 2095 1755 gesetzet
2114 1699 2258 1759 werden,

1247 1733 1286 1793 3)
1317 1733 1361 1793 die
1388 1733 1604 1793 Verbindung
1630 1736 1770 1796 zwischen
1801 1741 1851 1801 dem
1892 1742 2063 1802 Feldherrn
2093 1742 2149 1802 von
2169 1745 2259 1805 Poh¬

1242 1784 1290 1844 len
1318 1783 1377 1843 und
1415 1781 1468 1841 von
1497 1784 1647 1844 Lithauen
1686 1790 1772 1850 durch
1805 1793 1999 1853 ausgesetzte
2027 1796 2258 1856 Commission¬

1239 1837 1395 1897 gerichte,
1436 1839 1482 1899 4)
1511 1839 1598 1899 Eine
1616 1842 1858 1902 Verbesserung
1882 1846 1934 1906 des
1958 1846 2079 1906 Rechts
2102 1846 2131 1906 in
2160 1846 2258 1906 Anse¬

1243 1888 1330 1948 hung
1353 1888 1408 1948 des
1430 1888 1607 1948 Erbrechts
1630 1894 1874 1954 einzuführen,
1896 1894 1957 1954 und
2012 1897 2056 1957 5)
2085 1897 2128 1957 die
2151 1897 2261 1957 Geist¬

1238 1939 1362 1999 lichkeit
1385 1939 1477 1999 dahin
1504 1939 1537 1999 zu
1565 1939 1728 1999 bringen,
1756 1944 1809 2004 daß
1838 1945 1875 2005 sie
1903 1945 1956 2005 von
1990 1945 2076 2005 1000
2104 1948 2142 2008 fl.
2165 1948 2256 2008 ihrer

1243 1990 1422 2050 Revenüen
1455 1989 1514 2049 100
1548 1990 1585 2050 fl.
1602 1990 1711 2050 zahlen
1739 1992 1809 2052 soll.

1556 2052 1945 2112 AVERTISSEMENT.

1282 2095 1361 2155 Der
1384 2094 1486 2154 Engl.
1510 2097 1714 2157 Pferdearzt
1743 2103 1920 2163 Robertson
1960 2106 2017 2166 hat
2046 2106 2165 2166 bereits
2194 2106 2244 2166 den

1237 2148 1343 2208 21sten
1376 2148 1504 2208 dieses,
1531 2148 1739 2208 ohnerachtet
1761 2151 1808 2211 der
1835 2154 1947 2214 großen
1980 2154 2075 2214 Kälte
2108 2155 2123 2215 2
2151 2154 2262 2214 Heng=

1247 2197 1310 2257 ste,
1337 2196 1426 2256 deren
1453 2196 1564 2256 Werth
1597 2199 1681 2259 mehr
1708 2200 1755 2260 als
1783 2202 1840 2262 200
1878 2204 1993 2264 Rthlr.
2021 2202 2190 2262 gewesen,
2222 2205 2248 2265 in

1244 2245 1456 2305 Gegenwart
1478 2246 1572 2306 vieler
1594 2249 1769 2309 Zuschauer
1796 2252 1960 2312 operiret,
1987 2252 2172 2312 dergestalt,
2199 2254 2251 2314 daß

1246 2294 1273 2354 im
1319 2294 1501 2354 geringsten
1542 2297 1603 2357 kein
1638 2299 1752 2359 Zufall
1781 2300 1809 2360 zu
1843 2302 1990 2362 besorgen
2026 2300 2088 2360 ist,
2128 2300 2190 2360 und
2225 2300 2258 2360 sie

1245 2343 1317 2403 auch
1351 2342 1522 2402 innerhalb
1550 2342 1584 2402 16
1618 2348 1772 2408 Stunden
1806 2350 1894 2410 fähig
1923 2348 2089 2408 gewesen,
2112 2351 2183 2411 ihre
2206 2350 2261 2410 Ar¬

1247 2393 1313 2453 beit
1334 2393 1359 2453 zu
1391 2393 1585 2453 verrichten.
1617 2396 1724 2456 Heute
1745 2399 1791 2459 den
1823 2399 1925 2459 24sten
1956 2397 2048 2457 dieses
2075 2399 2110 2459 um
2152 2399 2166 2459 3
2188 2400 2254 2460 Uhr

1245 2441 1482 2501 Nachmittags
1510 2443 1655 2503 englisirt
1678 2446 1709 2506 er
1737 2446 1780 2506 ein
1813 2446 1915 2506 Pferd
1948 2448 1975 2508 in
2009 2448 2110 2508 seinem
2149 2449 2262 2509 Logis,

1237 2491 1299 2551 und
1326 2494 1450 2554 nimmt
1471 2491 1727 2551 unterschiedene
1754 2497 1857 2557 Kuren
1895 2494 1972 2554 vor.
2020 2497 2108 2557 Auch
2140 2499 2176 2559 ist
2197 2499 2249 2559 bey

1244 2539 1418 2599 demselben
1451 2542 1493 2602 ein
1520 2542 1641 2602 Pulver
1669 2544 1716 2604 für
1743 2546 1784 2606 die
1806 2545 1928 2605 Kröpfe
1955 2545 2002 2605 der
2024 2543 2140 2603 Pferde
2162 2548 2193 2608 zu
2215 2548 2262 2608 be¬

1238 2593 1405 2653 kommen.
1434 2591 1657 2651 Diejenigen,
1669 2594 1774 2654 welche
1797 2595 1981 2655 schadhafte
1999 2596 2116 2656 Pferde
2145 2597 2267 2657 haben,

1244 2641 1318 2701 oder
1334 2641 1472 2701 Hengste
1489 2641 1642 2701 zulegen,
1659 2643 1797 2703 belieben
1824 2643 1871 2703 sich
1898 2643 2035 2703 desfalls
2057 2643 2083 2703 in
2116 2646 2163 2706 der
2190 2645 2264 2705 vor¬

1244 2690 1357 2750 dersten
1384 2688 1538 2748 Vorstadt
1554 2688 1575 2748 im
1612 2691 1803 2751 Palmbaum
1840 2694 1886 2754 des
1907 2694 2140 2754 Nachmittags
2161 2691 2217 2751 von
2244 2694 2254 2754 2

1251 2739 1300 2799 bis
1323 2739 1333 2799 3
1356 2737 1422 2797 Uhr
1444 2736 1582 2796 baldigst
1599 2740 1631 2800 zu
1660 2742 1803 2802 melden,
1815 2742 1903 2802 indem
1948 2742 2079 2802 selbiger
2102 2742 2151 2802 sich
2179 2742 2262 2802 nicht

1245 2789 1356 2849 länger
1384 2787 1429 2847 als
1458 2787 1468 2847 3
1497 2787 1540 2847 bis
1570 2790 1580 2850 4
1614 2793 1748 2853 Wochen
1776 2793 1893 2853 allhier
1916 2793 2083 2853 aufhalten
2117 2790 2211 2850 wird.

1250 2848 1343 2908 Diese
1365 2844 1501 2904 Gelehrte
1524 2844 1581 2904 und
1603 2847 1761 2907 Politische
1783 2849 1912 2909 Zeitung
1935 2847 2006 2907 wird
2028 2847 2078 2907 des
2100 2847 2258 2907 Montags

1365 2886 1424 2946 und
1454 2886 1597 2946 Freytags
1623 2891 1820 2951 Vormittags
1845 2891 1874 2951 um
1915 2891 1944 2951 10
1969 2888 2028 2948 Uhr
2048 2886 2073 2946 in
2098 2885 2147 2945 dem

1439 2930 1640 2990 Kanterschen
1668 2936 1842 2996 Buchladen
1869 2933 2076 2993 ausgegeben.
