2479 3508
493 1199 625 1259 90tes
673 1198 836 1258 Stück.
907 1201 1141 1261 Montag,
1173 1198 1243 1258 den
1290 1198 1368 1258 10.
1408 1198 1633 1258 December
1674 1201 1821 1261 1764.

159 1278 244 1338 Es
263 1282 368 1342 haben
393 1277 597 1337 auswärtige
622 1276 770 1336 Freunde
795 1279 918 1339 meiner
943 1276 1109 1336 Zeitung,
1135 1276 1159 1336 in

169 1327 469 1387 verschiednen
512 1326 543 1386 an
586 1327 660 1387 mich
703 1327 913 1387 abgelaßenen
951 1325 1167 1385 Zuschriften,

152 1381 222 1441 eine
244 1378 423 1438 Nachricht
440 1375 613 1435 verlangt,
640 1373 672 1433 ob
700 1375 781 1435 diese
798 1375 938 1435 gelehrte
961 1374 1020 1434 und
1053 1371 1166 1431 politi¬

153 1431 212 1491 sche
235 1428 370 1488 Zeitung
393 1425 419 1485 im
463 1422 621 1482 künftigen
654 1422 763 1482 Jahre
791 1424 818 1484 in
856 1422 976 1482 meinem
1020 1419 1161 1479 Verlage

154 1476 259 1536 werde
281 1473 475 1533 fortgesetzet
497 1473 639 1533 werden,
666 1470 692 1530 so
719 1471 771 1531 daß
798 1472 839 1532 ich
867 1470 898 1530 es
925 1469 971 1529 für
993 1469 1061 1529 eine
1083 1467 1161 1527 mei¬

145 1525 199 1585 ner
216 1525 462 1585 vorzüglichsten
490 1521 758 1581 Schuldigkeiten
786 1518 889 1578 halte,
901 1518 949 1578 bey
972 1518 1015 1578 dem
1054 1516 1168 1576 heran=

152 1575 317 1635 nahenden
345 1575 438 1635 Ende
461 1575 510 1635 des
533 1572 693 1632 Jahres,
721 1569 798 1629 diese
826 1566 1029 1626 Fortsetzung
1063 1566 1151 1626 durch

148 1625 413 1685 gegenwärtiges
437 1623 532 1683 außer
556 1622 630 1682 allen
664 1619 800 1679 Zweifel
817 1617 845 1677 zu
874 1616 981 1676 setzen.

202 1678 270 1738 Die
294 1676 416 1736 Gnade
434 1676 561 1736 unseres
590 1673 793 1733 Monarchen
834 1669 886 1729 hat
916 1667 962 1727 die
985 1664 1159 1724 Anschläͤge

150 1730 317 1790 vereitelt,
341 1730 456 1790 welche
480 1727 555 1787 diese
584 1727 636 1787 dem
678 1726 781 1786 Lande
811 1722 839 1782 so
868 1721 1019 1781 nützliche
1043 1718 1157 1778 Arbeit

149 1775 375 1835 unterbrechen
402 1775 549 1835 wollten,
577 1775 634 1835 und
656 1775 698 1835 ich
725 1775 787 1835 sehe
809 1775 882 1835 mich
909 1772 935 1832 in
967 1772 1014 1832 den
1041 1769 1151 1829 Stand

141 1819 269 1879 gesetzt,
287 1817 338 1877 das
365 1814 549 1874 Verlangen
580 1811 630 1871 des
652 1811 858 1871 Publicums
880 1814 939 1874 mit
961 1814 1043 1874 einem
1082 1814 1163 1874 Mu=

149 1870 198 1930 the
221 1867 248 1927 zu
276 1861 498 1921 befriedigen,
526 1856 576 1916 den
610 1855 676 1915 blos
704 1855 743 1915 ein
771 1855 798 1915 so
821 1855 1014 1915 huldreicher
1038 1852 1159 1912 Schutz

149 1924 181 1984 zu
208 1914 355 1974 ertheilen
389 1909 579 1969 vermöͤgend
613 1903 666 1963 ist.

199 1962 245 2022 Es
280 1960 320 2020 ist
350 1959 471 2019 wahr,
501 1957 558 2017 daß
594 1955 698 2015 meine
727 1951 866 2011 Zeitung
902 1948 982 2008 nicht
1012 1946 1070 2006 auf
1099 1947 1150 2007 den

152 2012 243 2072 Grad
271 2011 319 2071 der
341 2005 648 2065 Vollkommenheit
665 2005 778 2065 trotzen
805 2002 907 2062 kann,
935 1999 988 2059 den
1022 1998 1069 2058 sich
1103 1998 1151 2058 die

147 2064 271 2124 Herren
300 2058 463 2118 Verfasser
492 2055 644 2115 derselben
680 2055 730 2115 bey
759 2054 865 2114 Ihrem
900 2049 1012 2109 Plane
1047 2046 1159 2106 vorge¬

145 2112 305 2172 zeichnet,
333 2106 411 2166 denn
445 2106 650 2166 außerdem,
678 2105 733 2165 daß
772 2103 838 2163 Sie
872 2103 922 2163 der
950 2098 1066 2158 hiesige
1094 2097 1160 2157 Ge¬

144 2163 274 2223 schmack
297 2156 444 2216 zuweilen
478 2155 739 2215 eingeschraͤnkt,
762 2154 858 2214 haben
887 2152 937 2212 sich
960 2153 1028 2213 auch
1057 2148 1152 2208 andre

146 2209 441 2269 Schwierigkeiten
465 2205 574 2265 Jhren
598 2205 840 2265 Bemühungen
871 2202 1014 2262 entgegen
1039 2199 1159 2259 gesetzt.

197 2258 252 2318 So
286 2255 346 2315 wie
374 2255 446 2315 aber
474 2254 524 2314 die
552 2252 673 2312 Herren
707 2252 879 2312 Verfasser
907 2252 957 2312 dem
1013 2249 1145 2309 hiesigen

147 2311 288 2371 Publico
317 2306 367 2366 für
391 2304 441 2364 den
470 2300 605 2360 Beyfall
628 2303 809 2363 verbunden
838 2303 928 2363 sind,
957 2303 1007 2363 den
1030 2300 1075 2360 ich
1098 2297 1148 2357 für

147 2360 237 2420 Sie,
261 2359 294 2419 da
323 2354 391 2414 Sie
414 2351 619 2411 auswärtige
642 2351 795 2411 Gelehrte
824 2354 904 2414 sind,
927 2351 1029 2411 öfters
1052 2348 1160 2408 einzu¬

141 2411 292 2471 sammlen
328 2405 386 2465 das
410 2402 514 2462 Glück
544 2399 690 2459 gehabt,
720 2403 748 2463 so
779 2402 877 2462 haben
907 2399 977 2459 Sie
1001 2398 1070 2458 auch
1100 2398 1157 2458 Ur=

146 2458 258 2518 sache,
282 2455 332 2515 sich
361 2452 434 2512 über
458 2449 508 2509 die
526 2449 814 2509 Beurtheilungen
843 2449 871 2509 zu
900 2446 1058 2506 erheben,
1093 2443 1160 2503 wo¬

146 2505 207 2565 mit
225 2503 292 2563 Sie
316 2500 468 2560 zuweilen
503 2499 564 2559 auf
588 2497 655 2557 eine
684 2503 819 2563 ziemlich
854 2495 1069 2555 unüberlegte
1092 2493 1154 2553 Art

140 2552 339 2612 angegriffen
368 2551 517 2611 worden.
590 2548 661 2608 Sie
684 2551 789 2611 statten
817 2547 977 2607 übrigens
1000 2545 1077 2605 allen
1105 2541 1155 2601 de¬

141 2602 362 2662 nenjenigen,
385 2599 498 2659 welche
528 2596 595 2656 Sie
619 2597 676 2657 mit
699 2602 886 2662 Beyträgen
915 2595 1063 2655 beehret,
1092 2593 1142 2653 den

144 2651 403 2711 verbindlichsten
437 2646 537 2706 Dank
554 2645 620 2705 ab,
642 2646 703 2706 und
731 2648 763 2708 da
792 2649 852 2709 mir
881 2646 1057 2706 ohnlängst
1091 2640 1157 2700 ver=

147 2703 304 2763 schiedene
327 2695 614 2755 Ausarbeitungen
643 2696 767 2756 sowohl
785 2699 920 2759 allhier,
943 2694 993 2754 als
1016 2691 1044 2751 in
1078 2690 1156 2750 mei=

145 2757 200 2817 ner
223 2750 362 2810 Mitau=
385 2747 445 2807 und
474 2745 696 2805 Elbingischen
730 2748 908 2808 Handlung
942 2742 1153 2802 eingereichet

146 2805 303 2865 worden,
327 2802 354 2862 so
378 2796 479 2856 werde
503 2795 541 2855 ich
571 2796 762 2856 dieselbige,
797 2799 819 2859 so
848 2799 915 2859 bald
945 2794 989 2854 ich
1013 2793 1051 2853 sie
1086 2792 1142 2852 von

142 2858 246 2918 danen
272 2853 389 2913 Herren
422 2848 610 2908 Verfassern
643 2849 733 2909 dieser
760 2849 915 2909 Zeitung,
929 2849 1019 2909 denen
1046 2847 1084 2907 ich
1111 2842 1149 2902 sie

1209 1273 1330 1333 meinem
1369 1273 1579 1333 Versprechen
1607 1275 1717 1335 gemaͤß
1746 1273 1906 1333 zuschicken
1940 1273 2072 1333 muͤssen,
2100 1276 2205 1336 zuruͤck

1202 1322 1353 1382 erhalte,
1393 1324 1446 1384 dem
1501 1324 1642 1384 Publico
1681 1327 1871 1387 vorzulegen
1915 1324 2018 1384 keinen
2062 1324 2203 1384 Anstand

1203 1369 1368 1429 nehmen.

1250 1413 1336 1473 Was
1366 1418 1412 1478 die
1441 1419 1749 1479 Originalversuche
1784 1417 1836 1477 des
1871 1420 2033 1480 künftigen
2069 1419 2202 1479 Jahres

1199 1464 1334 1524 betrift,
1362 1467 1388 1527 so
1422 1467 1545 1527 dörften
1584 1470 1751 1530 dieselbige
1785 1468 1844 1528 aus
1882 1467 1930 1527 der
1969 1467 2098 1527 Ursache
2131 1470 2185 1530 zum

1206 1512 1303 1572 Theil
1325 1517 1541 1577 vorzüglicher
1563 1518 1752 1578 ausfallen,
1780 1516 1855 1576 weil
1877 1518 1947 1578 man
1985 1518 2201 1578 verschiedene

1202 1560 1298 1620 kleine
1321 1566 1621 1626 Preisaufgaben,
1645 1568 1758 1628 welche
1775 1563 1945 1623 besonders
1980 1566 2030 1626 den
2065 1566 2200 1626 hiesigen

1201 1608 1328 1668 sowohl
1345 1611 1405 1671 wie
1428 1613 1477 1673 den
1511 1615 1632 1675 ganzen
1666 1615 1865 1675 preußischen
1904 1613 1965 1673 und
1993 1616 2197 1676 pohlnischen

1202 1661 1351 1721 Handel,
1368 1661 1412 1721 die
1435 1664 1633 1724 Oeconomie
1656 1664 1739 1724 nebst
1762 1664 1805 1724 der
1828 1664 2204 1724 Landesbeschaffenheit

1201 1713 1260 1773 und
1290 1715 1414 1775 schönen
1444 1718 1698 1778 Wissenschaften
1728 1717 1870 1777 betreffen
1900 1718 2018 1778 sollen,
2054 1718 2195 1778 vorlegen

1200 1766 1309 1826 wird,
1339 1769 1448 1829 welche
1477 1769 1557 1829 einer
1587 1772 1638 1832 der
1668 1769 1829 1829 größesten
1864 1770 2043 1830 Gelehrten
2078 1769 2204 1829 unserer

1195 1817 1273 1877 Zeit
1293 1814 1322 1874 zu
1352 1814 1563 1874 veranstalten
1593 1818 1671 1878 über
1691 1819 1740 1879 sich
1770 1818 1980 1878 genommen.

1240 1850 1308 1910 Jch
1338 1849 1381 1909 bin
1411 1852 1531 1912 Bürge
1553 1855 1673 1915 dafür,
1699 1855 1754 1915 daß
1781 1855 1806 1915 es
1841 1858 2034 1918 niemandon
2069 1861 2201 1921 geronen

1193 1894 1293 1954 wird,
1324 1896 1414 1956 unter
1440 1897 1485 1957 der
1511 1900 1753 1960 Beurtheilung
1784 1900 1879 1960 dieses
1905 1904 2056 1964 Mannes
2087 1906 2212 1966 gestan¬

1200 1945 1248 2005 den
1275 1945 1307 2005 zu
1335 1945 1453 2005 haben,
1482 1948 1567 2008 wenn
1600 1949 1670 2009 man
1698 1949 1751 2009 bey
1780 1948 1995 2008 Austheilung
2023 1951 2072 2011 der
2094 1957 2206 2017 Preise

1194 1996 1306 2056 welche
1340 1993 1366 2053 in
1394 1998 1746 2058 Gedächtnißmünzen
1780 2000 1833 2060 von
1866 2002 1876 2062 3
1909 2000 1958 2060 bis
1985 1999 2017 2059 12
2050 2004 2196 2064 Ducaten

1191 2046 1332 2106 bestehen
1367 2047 1520 2107 werden,
1555 2051 1657 2111 seinen
1692 2052 1823 2112 Namen
1864 2049 1908 2109 der
1937 2046 2034 2106 Welt
2063 2055 2205 2115 bekannt

1196 2097 1317 2157 machen
1348 2095 1444 2155 wird.

1245 2145 1304 2205 So
1328 2148 1386 2208 wie
1405 2148 1469 2208 man
1499 2151 1552 2211 auf
1570 2151 1664 2211 solche
1683 2151 1747 2211 Art
1765 2151 1812 2211 für
1836 2151 1883 2211 die
1901 2151 2202 2211 Originalabhande

1189 2199 1310 2259 lungen
1338 2200 1442 2260 sorgt,
1465 2202 1492 2262 so
1515 2202 1592 2262 wird
1620 2202 1686 2262 man
1720 2202 1769 2262 der
1792 2202 1974 2262 bisherigen
1996 2205 2200 2265 Unparthey¬

1190 2246 1318 2306 lichkeit
1347 2246 1373 2306 im
1422 2252 1617 2312 beurtheilen
1650 2252 1785 2312 folgen,
1813 2252 1871 2312 und
1904 2250 1948 2310 ich
1986 2252 2088 2312 werde
2127 2255 2180 2315 dem

1197 2297 1333 2357 Publico
1362 2298 1453 2358 durch
1488 2300 1590 2360 einige
1619 2303 1829 2363 musicalische
1859 2303 1989 2363 Stücke
2019 2303 2069 2363 der
2093 2303 2194 2363 besten

1194 2348 1440 2408 Tonkünstler,
1477 2351 1589 2411 welche
1626 2354 1795 2414 monatlich
1832 2351 2032 2411 eingedruckt
2069 2354 2186 2414 werden

1189 2396 1311 2456 sollen,
1334 2395 1411 2455 diese
1434 2397 1572 2457 Zeitung
1601 2402 1667 2462 noch
1695 2402 1912 2462 angenehmer
1940 2402 1967 2462 zu
1996 2402 2118 2462 machen
2152 2403 2196 2463 su¬

1184 2443 1280 2503 chen.
1326 2443 1399 2503 Die
1423 2446 1496 2506 gute
1520 2452 1736 2512 Aufnahme,
1759 2449 1901 2509 wodurch
1936 2449 2061 2509 sowohl
2084 2449 2197 2509 hiesige

1190 2491 1245 2551 als
1268 2491 1472 2551 auswärtige
1495 2498 1578 2558 Leser
1601 2500 1650 2560 die
1673 2503 1789 2563 Herren
1823 2497 1983 2557 Verfasser
2018 2497 2111 2557 dieser
2134 2497 2205 2557 Zei¬

1185 2542 1267 2602 tung
1306 2542 1515 2602 aufmuntern
1555 2551 1703 2611 werden,
1743 2551 1803 2611 soll
1837 2548 1908 2608 auch
1947 2548 1996 2608 für
2030 2549 2107 2609 mich
2146 2550 2195 2610 die

1188 2590 1336 2650 größeste
1354 2596 1610 2656 Zufriedenheit
1629 2596 1711 2656 seyn.

1237 2638 1309 2698 Die
1332 2644 1554 2704 auswärtigen
1582 2646 1760 2706 Liebhaber
1777 2643 1899 2703 werden
1939 2646 1988 2706 sich
2023 2646 2056 2706 an
2095 2646 2178 2706 einem

1194 2688 1275 2748 jeden
1303 2690 1459 2750 Postamt
1476 2697 1562 2757 ihres
1585 2694 1681 2754 Ortes
1704 2692 1735 2752 zu
1763 2697 1931 2757 adressiren
1959 2697 2120 2757 belieben,
2137 2698 2191 2758 und

1186 2736 1233 2796 die
1255 2736 1388 2796 hiesigen
1421 2745 1522 2805 werde
1544 2745 1581 2805 ich
1603 2745 1661 2805 aus
1689 2745 1811 2805 meiner
1828 2745 2004 2805 Handlung
2031 2745 2202 2805 bedienen.

1187 2787 1264 2847 Die
1295 2794 1586 2854 Pränumeration
1624 2790 1726 2850 bleibt
1757 2796 1872 2856 allhier
1916 2796 1939 2856 in
1982 2796 2194 2856 Königsberg

1191 2841 1329 2901 jährlich
1350 2844 1363 2904 8
1392 2846 1432 2906 fl.
1461 2847 1523 2907 also
1544 2844 1738 2904 quartaliter
1759 2846 1765 2906 2
1801 2847 1841 2907 fl.

2125 2894 2200 2954 Da
