2479 3508
325 551 447 611 (wendet
467 549 510 609 sich
540 551 613 611 weg)

327 717 412 777 (Der
444 718 616 778 Fremde.)

294 1276 384 1336 (Der
410 1276 647 1336 Fremdling.)

356 1955 437 2015 (Eine
459 1957 586 2017 andere.)

368 2196 448 2256 (Eine
471 2196 573 2256 dritte.)

306 2484 410 2544 (Maria
431 2484 504 2544 komt
520 2482 624 2542 zurück)

373 2629 558 2689 (Johannes.)

657 352 725 412 Auf
754 351 851 411 diesen
886 354 1109 414 Schädelberg

1143 354 1204 414 tret
1230 354 1303 414 ich!
1323 352 1341 412 -

1388 354 1442 414 ihm
1498 357 1569 417 muß
1601 357 1642 417 ich
1679 360 1745 420 sehn

660 398 708 458 ins
741 400 838 460 Aug!
865 400 881 460 —
947 401 1001 461 (Er
1018 398 1098 458 sieht)
1131 401 1190 461 Ach
1223 401 1472 461 Blutschweis!
1494 399 1505 459 —
1571 404 1641 464 Und
1674 407 1722 467 die
1749 405 1863 465 Wolke
1891 410 2090 470 durchbricht

661 444 707 504 ein
744 446 971 506 Gottesstral!

1064 449 1126 509 Ich
1164 449 1245 509 nicht
1271 449 1396 509 ertrag'
1422 447 1471 507 ihn
1510 446 1521 506 —
1579 451 1653 511 will
1673 455 1779 515 gehn!

667 494 740 554 Wie
769 496 826 556 das
861 496 946 556 Herz
975 495 1037 555 mir
1066 497 1209 557 schlägt!

664 541 718 601 Da
753 545 851 605 sprach
886 545 915 605 er
950 545 1067 605 wider!
1097 545 1137 605 (er
1157 542 1225 602 läuft
1245 542 1284 602 zum
1320 542 1452 602 Schächer
1472 542 1595 602 zurück:)

1127 589 1143 649 O
1187 588 1251 648 du!
1280 589 1344 649 beim
1393 591 1496 651 Wort
1524 592 1588 652 was
1622 595 1654 655 er
1682 595 1730 655 dir
1758 598 1893 658 spricht!

672 639 774 699 Sag,
802 635 1030 695 Sterbender!
1057 634 1165 694 kennst
1193 637 1225 697 du
1264 637 1312 697 ihn
1351 637 1453 697 nicht?

726 673 792 733 (Wir
814 676 943 736 empfahen
973 673 1006 733 rc.
1036 674 1128 734 Dieser
1153 673 1207 733 aber
1229 674 1274 734 hat
1296 676 1375 736 nichts
1400 676 1580 736 ungeschicktes
1606 676 1777 736 gehandelt!)

661 716 733 776 Und
765 718 868 778 blutet
894 715 951 775 und
988 715 1112 775 hängt?
1144 718 1299 778 Richter!
1326 717 1335 777 —
1398 718 1579 778 Unschuld!

1666 718 1778 778 Gott!

666 760 682 820 O
727 763 815 823 wenn
855 763 909 823 sein
949 763 1059 823 Mund
1087 764 1209 824 gleich:
1243 763 1375 823 "Vater
1409 763 1541 823 vergib!

1598 766 1697 826 fleht;

662 810 792 870 Schrei
814 811 846 871 du
885 810 944 870 sein
978 810 1086 870 Blut:
1119 810 1234 870 Rach!
1267 810 1326 870 und
1365 813 1424 873 wer
1458 813 1631 873 übergeht:

671 858 797 918 Amen!
824 858 882 918 und
914 855 977 915 jed'
1004 858 1146 918 erpreßte
1178 858 1352 918 Thrän!:
1379 858 1426 918 (Er
1448 860 1511 920 sieht
1527 859 1563 919 die
1585 861 1701 921 Weiber)
1728 862 1817 922 Ach!

662 903 756 963 Dort
784 906 872 966 ringt
900 906 933 966 um
984 904 1116 964 Bruder
1144 906 1205 966 und
1239 903 1338 963 Sohn
1372 903 1438 963 sie!
1461 903 1477 963 —
1533 907 1832 967 Thränenzähler,
1854 915 1942 975 Gott

668 952 716 1012 des
749 953 896 1013 Rechts,
918 948 999 1008 hör!
1021 948 1037 1008 =
1054 948 1108 1008 Es
1136 953 1211 1013 hört
1239 950 1276 1010 sie
1305 951 1396 1011 Gott
1419 951 1445 1011 im
1495 954 1717 1014 Rachgewand

672 998 779 1058 Nacht
807 998 882 1058 rollt
910 995 958 1055 sich
991 998 1126 1058 herauf,
1154 999 1229 1059 fällt
1257 995 1332 1055 aufs
1365 998 1446 1058 Land

662 1046 829 1106 thauicht,
857 1043 912 1103 wie
946 1043 985 1103 ein
1025 1043 1135 1103 Sack;
1164 1046 1259 1106 wälzt
1287 1043 1336 1103 sich
1371 1043 1537 1103 siebenfach

669 1092 706 1152 um
759 1094 835 1154 ihn,
861 1093 938 1153 stüzt
965 1091 1015 1151 sich
1048 1094 1118 1154 aufs
1151 1093 1286 1153 Kreuz:
1312 1090 1356 1150 wo
1389 1091 1427 1151 ist
1453 1088 1523 1148 Er!

1593 1091 1704 1151 Ach!

1089 1166 1266 1226 Zweite
1315 1163 1505 1223 Scene.

887 1215 961 1275 (Der
985 1214 1182 1274 Nachtschleyer
1201 1214 1248 1274 hat
1267 1213 1300 1273 die
1324 1213 1416 1273 blutige
1441 1213 1529 1273 Scene
1553 1216 1693 1276 verhüllt.)

715 1267 795 1327 Wie
822 1267 848 1327 in
887 1269 939 1329 der
967 1267 1068 1327 todten
1106 1266 1213 1326 Stille
1245 1267 1319 1327 vorm
1369 1267 1651 1327 Ungewittersturm

668 1321 786 1381 Alles,
810 1318 865 1378 aus
900 1318 950 1378 sich
979 1318 1181 1378 gedränget,
1205 1318 1294 1378 zagt:
1329 1318 1356 1378 so
1385 1318 1497 1378 keichet

661 1369 709 1429 die
741 1369 879 1429 Farren=
907 1369 965 1429 und
997 1369 1210 1429 Löwenheerd
1242 1367 1370 1427 hinweg
1403 1369 1456 1429 vom
1504 1368 1605 1428 Wurm

662 1417 810 1477 zertreten
850 1416 883 1476 am
928 1415 1010 1475 Weg
1044 1414 1054 1474 —
1111 1417 1254 1477 Hinweg
1287 1419 1337 1479 ins
1371 1419 1464 1479 Lager
1498 1416 1548 1476 der
1576 1419 1741 1479 Schand!

656 1485 850 1545 Erwartend
879 1488 939 1548 steh
973 1485 1011 1545 ich
1045 1485 1061 1545 —
1118 1484 1184 1544 Erd
1218 1488 1278 1548 und
1312 1490 1461 1550 Himmel
1490 1488 1584 1548 loosen
1623 1488 1700 1548 schon

660 1536 739 1596 über
774 1539 829 1599 des
870 1538 1016 1598 Heiligen
1051 1536 1186 1596 Haupt;
1227 1539 1373 1599 niemand
1413 1536 1509 1596 reicht
1538 1534 1554 1594 ¬

1676 1542 1756 1602 (Eben
1779 1539 1872 1599 nähert
1886 1539 1926 1599 sich
1944 1539 2028 1599 Maria
2047 1539 2069 1599 in
2092 1539 2127 1599 die
2141 1544 2296 1604 Dunkelheit

1742 1572 1785 1632 des
1805 1572 1939 1632 Kreuzes,
1955 1572 1994 1632 die
2010 1572 2104 1632 Hände
2120 1577 2262 1637 ringend:)

666 1609 721 1669 Ein
754 1610 914 1670 Schwert
942 1613 1019 1673 geht
1047 1612 1107 1672 mir
1135 1610 1246 1670 durchs
1280 1613 1389 1673 Herz,
1412 1610 1489 1670 mein
1528 1611 1660 1671 Sohn!
1689 1613 1727 1673 (sie
1749 1613 1815 1673 hört
1832 1613 1876 1673 das
1899 1613 1964 1673 laute
1981 1616 2102 1676 Triefen)

1321 1646 1330 1706 —
1393 1648 1438 1708 Er
1470 1653 1608 1713 lächzet!

664 1655 754 1715 Sein
788 1652 878 1712 Blut
902 1652 992 1712 zählt
1016 1651 1159 1711 Tropfen
1193 1649 1287 1709 herab

727 1688 797 1748 (Sie
817 1688 872 1748 fällt
892 1688 958 1748 hin,
975 1685 1076 1745 drückt,
1092 1685 1151 1745 küßt
1171 1684 1233 1744 seine
1257 1682 1327 1742 Füße
1348 1685 1410 1745 oft.)

661 1727 714 1787 Da
750 1725 791 1785 ich
821 1725 898 1785 Dich
934 1724 1028 1784 trug,
1054 1724 1177 1784 gebar,
1202 1724 1285 1784 Dich
1315 1727 1451 1787 säugte,
1476 1725 1605 1785 Sohn!

657 1774 753 1834 warst
777 1774 833 1834 Du
868 1772 948 1832 mein
983 1772 1085 1832 Heil,
1108 1772 1188 1832 mein
1229 1772 1348 1832 Trost!
1372 1776 1429 1836 Ach
1464 1778 1492 1838 er
1521 1778 1646 1838 ächzet!

662 1822 767 1882 Klags
801 1822 912 1882 deiner
940 1822 1045 1882 Väter
1073 1819 1178 1879 Gott!
1212 1820 1250 1880 sie
1279 1822 1412 1882 schrieen
1446 1827 1562 1887 kaum;

669 1867 714 1927 Er
741 1867 838 1927 half!
859 1869 996 1929 (Mein
1023 1871 1159 1931 Gott,
1186 1870 1291 1930 mein
1324 1873 1461 1933 Gott,
1488 1881 1631 1941 warum
1678 1879 1769 1939 hast
1796 1882 1834 1942 du
1874 1882 1965 1942 mich
1998 1885 2253 1945 verlaßen?)

734 1906 847 1966 (Maria
868 1907 924 1967 muß
949 1909 989 1969 vor
1010 1909 1148 1969 Wehmuth
1173 1910 1245 1970 weg;

665 1948 738 2008 Hör
767 1951 819 2011 ihn
854 1954 973 2014 lallen,
997 1954 1127 2014 Vater!
1163 1952 1219 2012 des
1249 1952 1403 2012 Mundes
1432 1960 1614 2020 Honigsaft

666 2002 822 2062 versiegt;
845 2002 894 2062 die
923 2002 1035 2062 Zunge
1063 2002 1146 2062 klebt
1175 2000 1208 2060 am
1253 2002 1392 2062 Gaum!

662 2049 748 2109 Eine
776 2049 922 2109 Scherb'
950 2049 988 2109 ist
1015 2049 1124 2109 unsrer
1157 2049 1254 2109 Ceder
1282 2049 1385 2109 Kraft
1407 2047 1423 2107 -

662 2100 778 2160 Wachs
812 2097 872 2157 sein
906 2100 1011 2160 Herz;
1050 2097 1105 2157 wie
1134 2097 1255 2157 Waßer
1289 2100 1394 2160 rinnen
1433 2100 1477 2160 die
1511 2100 1643 2160 Glieder

662 2148 694 2208 in
727 2147 781 2207 den
814 2147 1015 2207 Todesstaub
1049 2145 1179 2205 nieder!

666 2192 776 2252 Seine
804 2196 1111 2256 Unschuldsstimme
1138 2193 1280 2253 schweigt
1308 2195 1365 2255 das
1398 2193 1657 2253 Marterlamm!

666 2234 768 2294 Wenn
807 2238 932 2298 entfuhr
959 2243 986 2303 je
1019 2243 1122 2303 Wahn
1160 2241 1209 2301 dem
1259 2240 1415 2300 Munde?

660 2282 760 2342 Leid,
783 2288 916 2348 Bruder
944 2289 1056 2349 Jesu!
1084 2291 1139 2351 ists
1174 2288 1212 2348 um
1257 2288 1318 2348 dich
1353 2291 1436 2351 mir!
1470 2287 1564 2347 Gram

666 2328 727 2388 und
761 2329 827 2389 Tod
862 2334 894 2394 ist
923 2339 984 2399 mir
1012 2339 1067 2399 nun
1107 2336 1173 2396 jede
1202 2336 1363 2396 Stunde!

668 2375 778 2435 Ruhst
803 2379 864 2439 du?
896 2381 907 2441 —
963 2387 1129 2447 Schleyer
1161 2384 1209 2444 der
1235 2386 1370 2446 Nacht,
1396 2384 1444 2444 bei
1469 2381 1567 2441 seinem
1611 2380 1684 2440 Nam

663 2423 818 2483 beschwör
846 2426 886 2486 ich
921 2430 1009 2490 dich!
1037 2435 1137 2495 Kühl
1159 2434 1267 2494 Ihn,
1288 2435 1335 2495 die
1363 2432 1458 2492 große
1485 2426 1640 2486 Wunde!

669 2470 765 2530 Mein
799 2473 928 2533 Sohn!
961 2478 1020 2538 wie
1047 2482 1124 2542 kann
1158 2479 1228 2539 eine
1255 2479 1385 2539 Mutter
1419 2478 1470 2538 des
1503 2476 1646 2536 Sohns,

663 2519 714 2579 den
750 2518 790 2578 sie
814 2520 866 2580 sich
901 2522 954 2582 vom
1001 2527 1122 2587 Herzen
1158 2527 1228 2587 riß,
1257 2527 1408 2587 vergeßen

658 2569 726 2629 du,
752 2566 827 2626 mein
859 2566 877 2626 :
928 2572 1097 2632 (Weib!
1123 2575 1247 2635 siehe,
1273 2577 1342 2637 das
1374 2574 1417 2634 ist
1443 2570 1536 2630 dein
1568 2571 1725 2631 Sohn!
1744 2574 1762 2634 -

662 2614 735 2674 Wie
767 2612 798 2672 er
824 2614 897 2674 mich
929 2614 1028 2674 liebt!
1053 2614 1065 2674 —
1128 2620 1258 2680 Mutter
1290 2622 1395 2682 weine
1420 2619 1531 2679 nicht!

651 2664 706 2724 den
740 2661 1074 2721 Schmerzenshelden
1108 2670 1225 2730 schlägt
1254 2670 1303 2730 der
1332 2667 1421 2727 Gott
1449 2666 1499 2726 des
1533 2665 1800 2725 Richterthrons.

656 2712 755 2772 Drum
800 2709 943 2769 schweigt
971 2709 998 2769 er
1027 2714 1087 2774 und
1115 2718 1252 2778 arbeitet
1281 2719 1341 2779 und
1369 2716 1446 2776 fleht
1474 2712 1523 2772 für
1557 2715 1778 2775 Uebelthäter!

654 2763 750 2823 Denn
789 2757 875 2817 Gott
902 2755 988 2815 warf
1010 2760 1150 2820 irrender
1183 2766 1339 2826 Schaf',
1367 2766 1426 2826 und
1459 2758 1512 2818 der
1540 2762 1734 2822 Verräther,

654 2808 710 2868 der
739 2808 846 2868 Welt,
875 2808 931 2868 und
966 2805 1056 2865 unsre
1084 2811 1209 2871 Sünd'
1232 2811 1288 2871 auf
1317 2812 1396 2872 ihn!
1419 2804 1435 2864 —
1493 2802 1537 2862 Er
1566 2807 1605 2867 ist
1635 2812 1685 2872 dem
1731 2815 1865 2875 Gericht

655 2856 808 2916 Entrissen
850 2853 861 2913 —
915 2854 1027 2914 Nacht
1051 2855 1127 2915 wird
1164 2861 1257 2921 Tag!
1288 2860 1299 2920 —
1359 2858 1447 2918 Sieh
1483 2852 1582 2912 Licht!

2150 2858 2274 2918 Dritte
