2479 3508
401 951 573 1011 Serophe.

359 1593 618 1653 Antistrophe.

422 2173 558 2233 Cpode.

786 375 847 435 und
879 374 983 434 stützte
1015 377 1120 437 deiner
1152 376 1306 436 bebenden
1345 377 1462 437 Augeln
1500 380 1604 440 Bau:

784 420 821 480 da
854 422 908 482 der
942 422 1201 482 Morgenstern,
1229 425 1299 485 blaß
1337 425 1369 485 am
1419 422 1548 482 Gesicht

785 469 857 529 noch
891 469 944 529 das
978 467 1203 527 Schuldsiegel
1230 472 1309 532 sah;
1350 472 1409 532 und
1437 472 1489 532 die
1516 473 1608 533 dritte
1635 474 1761 534 Sonne
1789 479 1914 539 schon¬

786 515 930 575 Gelobt!
960 515 1011 575 ihr
1041 517 1278 577 Sabbatsbote
1308 520 1417 580 durchs
1453 519 1678 579 Morgenthor

789 565 858 625 sand
893 563 1032 623 Gräber
1061 563 1235 623 zerbrochen
1276 566 1333 626 und
1363 569 1484 629 Riegel
1508 569 1571 629 und
1606 569 1721 629 Thor!

791 610 850 670 Wo
883 610 909 670 er
943 613 1018 673 lag,
1051 613 1084 673 da
1117 613 1165 673 lag
1198 614 1230 674 er
1258 615 1344 675 nicht
1372 616 1485 676 mehr!

786 657 872 717 Steh
907 659 993 719 still,
1023 660 1097 720 ums
1127 660 1248 720 Grab!
1283 664 1433 724 tobender
1468 664 1595 724 Könige
1624 661 1733 721 Heer!

791 698 921 758 "Wenn
961 706 989 766 er
1018 709 1119 769 liegt,
1148 708 1228 768 denn
1262 709 1341 769 steht
1370 709 1398 769 er
1433 709 1511 769 nicht
1541 709 1687 769 mehr?"

792 751 834 811 Er
861 754 977 814 stehet:
1014 756 1109 816 bebt!
1136 755 1220 815 Sein
1258 757 1416 817 Schemel
1443 757 1479 817 ist
1506 757 1558 817 eur
1591 757 1701 817 Thron

789 798 879 858 Sein
913 803 1054 863 Scepter
1088 804 1189 864 (küßt
1213 803 1263 863 die
1292 804 1461 864 Ruthe!)
1484 805 1580 865 droht
1609 804 1766 864 Gericht:

786 849 892 909 Eurem
934 855 1058 915 Nacken
1094 853 1154 913 sein
1190 854 1284 914 Fuß!
1309 849 1320 909 —
1380 855 1480 915 Denn
1516 852 1741 912 Ueberwinder
1772 852 1812 912 ist
1837 852 1913 912 Er!

687 955 734 1015 Es
759 960 887 1020 brachen
928 960 976 1020 die
1001 963 1177 1023 Himmel,
1202 963 1266 1023 und
1299 961 1467 1021 träufelten
1500 961 1531 1021 ab

794 1004 851 1064 wie
884 1004 1005 1064 Thau,
1037 1004 1114 1064 aufs
1140 1007 1236 1067 Grab
1268 1006 1319 1066 die
1345 1007 1454 1067 Engel
1480 1007 1531 1067 des
1563 1005 1691 1065 Siegs.
1737 1001 1928 1061 Zusammen

797 1052 925 1112 stürzten
962 1049 1008 1109 die
1039 1051 1163 1111 Römer
1195 1052 1251 1112 wie
1277 1052 1370 1112 todt;
1402 1052 1478 1112 denn
1515 1053 1742 1113 Mahanaims
1773 1052 1933 1112 Flammen

797 1098 1013 1158 bekränzten,
1046 1097 1331 1157 Siegespforten!
1358 1096 1410 1156 das
1442 1098 1569 1158 Grab,

799 1144 858 1204 und
892 1142 946 1202 den
981 1142 1129 1202 Heiligen
1164 1143 1247 1203 fielen
1287 1144 1330 1204 die
1365 1143 1577 1203 Todesband'
1607 1142 1661 1202 ab.

791 1184 893 1244 Denn
927 1184 942 1244 ”
960 1184 1008 1244 Er
1036 1184 1144 1244 lebt!"
1183 1187 1210 1247 so
1243 1190 1341 1250 sprach
1379 1189 1427 1249 der
1461 1190 1591 1250 Glanz;
1624 1193 1662 1253 da
1696 1190 1803 1250 fuhren

795 1236 856 1296 aus
888 1235 933 1295 sich
970 1235 1016 1295 die
1047 1235 1201 1295 Weiber,
1233 1237 1289 1297 das
1320 1237 1387 1297 Oel
1413 1237 1469 1297 aus
1501 1237 1551 1297 der
1583 1237 1701 1297 Hand,

1119 1274 1213 1334 „Ich
1247 1287 1352 1347 bins,
1381 1287 1436 1347 der
1464 1285 1530 1345 euch
1565 1285 1736 1345 erstand!"

793 1288 854 1348 und
886 1288 1011 1348 liefen!
1037 1282 1046 1342 —

828 1336 988 1396 Maria!"
1023 1325 1040 1385 —
1098 1324 1114 1384 ”
1132 1331 1212 1391 Bist
1242 1338 1316 1398 du's
1351 1336 1540 1396 Rabbuni?

1663 1341 1726 1401 Jch
1763 1336 1854 1396 fahre

796 1390 824 1450 zu
860 1387 946 1447 Gott
975 1387 1061 1447 auf;
1091 1387 1160 1447 doch
1196 1388 1265 1448 euch
1294 1387 1369 1447 will
1387 1387 1432 1447 ich
1462 1387 1560 1447 sehn!

802 1431 870 1491 Sie
894 1436 968 1496 sahn
1004 1437 1084 1497 ihn;
1119 1435 1252 1495 Frieden
1287 1434 1402 1494 umher
1432 1436 1512 1496 blies
1541 1435 1605 1495 er:
1634 1428 1732 1488 "Ich
1761 1436 1969 1496 überwand!

825 1482 908 1542 Hier
941 1483 1049 1543 nehmt
1082 1485 1127 1545 der
1160 1485 1301 1545 Sünden
1340 1485 1583 1545 Lösungsband,

674 1593 768 1653 (Die
797 1592 907 1652 Beute
936 1593 991 1653 der
1019 1593 1213 1653 Schlacht,)
1242 1593 1302 1653 wie
1331 1593 1380 1653 der
1414 1592 1581 1652 Weltgurt
1604 1592 1703 1652 breit,

790 1637 995 1697 allmächtig,
1028 1637 1090 1697 und
1123 1634 1238 1694 knüpft
1260 1634 1307 1694 die
1334 1631 1402 1691 Erd
1434 1634 1471 1694 an
1503 1634 1676 1694 Himmel!

788 1679 844 1739 Da
877 1678 975 1738 flogen
1013 1676 1073 1736 sie,
1107 1675 1167 1735 wie
1196 1673 1247 1733 ins
1280 1673 1575 1733 Nachtgetümmel

793 1721 1041 1781 Siegesfeuer,
1083 1718 1141 1778 und
1178 1718 1220 1778 wo
1257 1720 1299 1780 die
1331 1721 1441 1781 Zunge
1468 1724 1631 1784 Flammen
1669 1721 1779 1781 streut,

793 1769 870 1829 siegt
893 1766 948 1826 des
976 1766 1154 1826 Erweckten
1188 1769 1421 1829 Herrlichkeit!

792 1817 961 1877 Umtanzt,
990 1817 1103 1877 tanzt,
1132 1817 1273 1877 Lahme,
1308 1819 1364 1879 sein
1399 1819 1517 1879 Grab!
1546 1819 1557 1879 —
1620 1818 1671 1878 ihr
1700 1819 1915 1879 Stummen,
1944 1819 2034 1879 lallet

795 1864 851 1924 das
880 1864 1022 1924 mächtge
1052 1866 1337 1926 Säuglingslied!
1360 1862 1377 1922 -

1437 1868 1579 1928 Dreht,
1603 1873 1757 1933 Blinde!
1793 1871 1846 1931 den
1882 1870 1976 1930 Blick

799 1911 858 1971 von
891 1914 944 1974 der
972 1915 1096 1975 Sonn'
1123 1918 1177 1978 auf
1204 1915 1312 1975 unsern
1350 1918 1452 1978 Reihn
1485 1921 1614 1981 zurück,

794 1963 854 2023 von
888 1966 983 2026 dessen
1017 1963 1094 2023 Echo
1128 1963 1184 2023 des
1212 1963 1395 2023 Erdsaums
1430 1969 1507 2029 Ufer
1535 1969 1674 2029 schallet,

794 2015 846 2075 den
879 2017 927 2077 Er
965 2017 1024 2077 aus
1057 2014 1319 2074 Dreitaglanger
1347 2012 1458 2072 Nacht

789 2067 852 2127 mit
876 2067 1097 2127 Morgenroth
1133 2063 1184 2123 zum
1232 2061 1342 2121 Ringe
1372 2067 1540 2127 beglänzt!
1564 2062 1581 2122 —
1640 2064 1738 2124 Mein
1774 2066 1866 2126 Blick

678 2175 760 2235 wird
790 2175 895 2235 weit!
920 2175 990 2235 Von
1026 2175 1101 2235 oben
1138 2175 1196 2235 und
1226 2175 1319 2235 unten
1355 2174 1402 2234 des
1438 2170 1537 2230 Balls

1792 2217 1896 2277 streut

798 2220 854 2280 von
889 2223 973 2283 Früh
1007 2223 1069 2283 und
1098 2223 1199 2283 Spät
1228 2223 1347 2283 kommt
1370 2223 1534 2283 fluthende
1563 2217 1765 2277 Wallfahrt,

801 2264 944 2324 Myrrh'
966 2267 1026 2327 und
1054 2267 1186 2327 Lorbeer
1220 2267 1275 2327 ans
1309 2268 1429 2328 Grab,
1463 2270 1517 2330 und
1551 2265 1634 2325 zieht
1662 2264 1749 2324 durch
1783 2267 1881 2327 seines
1915 2264 1997 2324 Falls

798 2313 936 2373 schattigt
964 2317 1058 2377 Lager
1092 2317 1230 2377 herauf,
1264 2316 1374 2376 durchs
1403 2316 1586 2376 Lichtthor,
1620 2312 1696 2372 weit

795 2359 868 2419 über
898 2363 1074 2423 sterbender
1104 2365 1218 2425 Augen
1253 2366 1510 2426 Sonnenbahn,

796 2406 847 2466 zum
894 2406 1033 2466 Thron,
1069 2414 1120 2474 den
1161 2411 1213 2471 der
1243 2414 1445 2474 Gottmensch
1476 2407 1567 2467 ihnen
1608 2406 1741 2466 erringt,

795 2447 848 2507 der
884 2452 955 2512 ihre
980 2458 1068 2518 Palm
1122 2459 1151 2519 zu
1193 2460 1294 2520 seiner
1324 2461 1514 2521 Siegskron
1550 2453 1698 2513 schlingt,

800 2500 857 2560 und
892 2504 1031 2564 prangt:
1061 2509 1101 2569 sie
1130 2509 1297 2569 prangen!

1415 2548 1507 2608 Doch
1536 2549 1608 2609 hoch
1637 2551 1744 2611 wagt'
1759 2552 1823 2612 ichs
1853 2553 1959 2613 empor

798 2591 847 2651 der
878 2593 971 2653 außen
1009 2596 1039 2656 an
1077 2602 1244 2662 Egyptens
1276 2602 1567 2662 Drangsalsthor,

800 2640 881 2700 einen
919 2643 1013 2703 Psam
1064 2646 1163 2706 sang,
1195 2651 1296 2711 mitten
1334 2649 1359 2709 im
1403 2647 1572 2707 tanzenden
1610 2641 1697 2701 Chor

792 2688 945 2748 Hallelu!
978 2689 1033 2749 des
1061 2697 1280 2757 Österlamms
1313 2695 1400 2755 Fahn

794 2738 851 2798 hat
877 2738 928 2798 sich
961 2736 1050 2796 dieser
1084 2741 1154 2801 erste
1186 2745 1469 2805 Frühlingskranz
1496 2736 1656 2796 geweiht!

790 2790 865 2850 denn
900 2787 983 2847 ihn,
1011 2785 1059 2845 den
1094 2791 1239 2851 welken,
1267 2793 1370 2853 trug,
1399 2793 1412 2853 o
1447 2785 1688 2845 Christenheit!

911 2832 1004 2892 Dein
1040 2838 1168 2898 Jubel!
1204 2841 1427 2901 Hallelujah!
1451 2835 1468 2895 !
1486 2835 1503 2895 !
