2479 3508
580 1259 692 1319 25tes
742 1261 904 1321 Stück.
970 1264 1179 1324 Freytag,

1216 1261 1280 1321 den
1324 1267 1402 1327 27.
1446 1264 1568 1324 April
1605 1264 1755 1324 1764.

527 1330 764 1390 (Fortsetzung.

222 1372 300 1432 Deil
315 1381 344 1441 im
380 1378 522 1438 eilften
552 1380 685 1440 Capitel
705 1375 759 1435 vom
794 1375 946 1435 Glauben
976 1375 1025 1435 als
1055 1375 1143 1435 einer

162 1422 408 1482 Pflicht
433 1423 486 1483 und
510 1422 640 1482 Tugend
665 1420 772 1480 geredt
788 1422 896 1482 wird,
928 1420 973 1480 die
997 1419 1066 1479 man
1105 1419 1128 1479 in

162 1470 337 1530 Trübsalen
367 1470 508 1530 ausüben
538 1470 633 1530 muß:
660 1470 684 1530 so
710 1470 830 1530 nimmt
850 1467 895 1527 der
921 1467 986 1527 Hr.
996 1464 1131 1524 Hofrath

159 1521 392 1581 Michaelis
420 1521 520 1581 Anlaß
547 1518 621 1578 über
642 1518 695 1578 das
723 1518 817 1578 Wort
839 1518 988 1578 Glauben
1015 1515 1056 1575 ein
1089 1514 1147 1574 we¬

163 1572 212 1632 nig
240 1572 267 1632 zu
296 1569 561 1629 philosophiren,
590 1569 660 1629 aber
683 1569 793 1629 immer
816 1566 871 1626 auf
889 1566 937 1626 der
960 1569 1137 1629 glücklichen

161 1622 410 1682 Mittelstraße,
438 1619 482 1679 die
516 1620 565 1680 sich
604 1620 659 1680 vom
710 1617 831 1677 seichten
870 1616 1036 1676 Leichtsinn
1081 1615 1141 1675 und

163 1673 321 1733 mißlichen
351 1671 486 1731 Tiefsinn
514 1673 605 1733 gleich
628 1670 701 1730 weit
724 1670 877 1730 entfernt.
906 1670 1002 1730 (Eine
1025 1667 1143 1727 Pflicht

162 1720 225 1780 und
252 1724 410 1784 Tugend,
443 1721 490 1781 die
517 1721 543 1781 in
586 1721 665 1781 einem
708 1721 940 1781 Jahrhundert
968 1718 1015 1778 des
1047 1718 1136 1778 guten

158 1767 388 1827 Geschmacks,
403 1769 609 1829 jedermanns
629 1767 717 1827 Ding
737 1766 805 1826 ist.)
831 1766 879 1826 V.
889 1766 923 1826 5.
933 1766 967 1826 6.
982 1766 1055 1826 wird
1076 1766 1139 1826 eine

161 1817 429 1877 alexandrinische
453 1814 645 1874 Bedeutung
684 1812 765 1872 eines
799 1811 995 1871 griechischen
1025 1812 1139 1872 Worts

159 1863 319 1923 entdeckt,
345 1861 491 1921 vermöge
517 1855 637 1915 welcher
664 1850 1046 1910 Dienstfertigkeit
1077 1858 1137 1918 und

160 1909 457 1969 Gefälligkeit
479 1900 602 1960 überein
630 1900 791 1960 kommen,
814 1897 872 1957 und
895 1897 964 1957 noch
992 1900 1148 1960 bemerkt,

163 1955 219 2015 daß
248 1957 298 2017 vor
321 1954 406 2014 Gott
424 1945 638 2005 wandeln,
661 1943 786 2003 stehen
826 1943 882 2003 und
910 1942 956 2002 sich
985 1944 1035 2004 ihm
1080 1948 1142 2008 na¬

158 2002 229 2062 hen
257 1996 462 2056 priesterliche
485 1993 695 2053 Handlungen
729 1990 900 2050 bedeuten,
923 1991 972 2051 die
1000 1990 1050 2050 sich
1084 1994 1139 2054 auf

160 2046 212 2106 den
234 2042 462 2102 Gottesdienst
478 2040 642 2100 beziehen.
697 2040 781 2100 Auch
813 2037 892 2097 findt
920 2036 945 2096 es
978 2036 1031 2096 der
1053 2037 1137 2097 Herr

163 2088 297 2148 Hofrath
331 2088 384 2148 für
412 2089 487 2149 gut,
509 2088 698 2148 Henochs
726 2086 969 2146 Himmelfahrt
991 2084 1017 2144 in
1045 2085 1131 2145 einen

160 2136 268 2196 setigen
306 2139 512 2199 frühzeitigen
540 2139 604 2199 Tod
632 2139 659 2199 zu
692 2136 915 2196 verwandeln,
942 2136 1001 2196 und
1029 2133 1142 2193 scheint

155 2187 238 2247 nicht
261 2187 400 2247 weniger
423 2188 679 2248 Bedenklichkeit
702 2187 774 2247 über
797 2184 847 2244 den
875 2183 1131 2243 Parallelismus

159 2237 210 2297 des
239 2239 358 2299 Elias
381 2240 409 2300 zu
432 2238 551 2298 hegen.
597 2234 783 2294 Vergeblich
813 2232 886 2292 wird
915 2231 983 2291 man
1012 2229 1062 2289 ihm
1103 2229 1141 2289 sa¬

158 2288 251 2348 gey,
290 2288 345 2348 daß
390 2288 484 2348 beyde
518 2283 573 2343 von
612 2284 667 2344 dem
717 2282 894 2342 Ausgange
922 2278 978 2338 des
1017 2276 1133 2336 Meßiä

159 2336 334 2396 Vorbilder
366 2337 525 2397 gewesen,
552 2333 629 2393 weil
650 2331 680 2391 er
707 2333 778 2393 kaum
826 2330 939 2390 andere
970 2327 1016 2387 für
1048 2324 1140 2384 cano¬

157 2386 238 2446 nisch
260 2387 286 2447 zu
325 2387 421 2447 halten
460 2384 584 2444 geneigt
612 2381 665 2441 ist,
693 2381 741 2441 als
769 2381 877 2441 welche
905 2377 936 2437 er
964 2372 1050 2432 selbst
1078 2372 1136 2432 mit

159 2435 270 2495 großer
292 2435 541 2495 Furchtsamkeit
562 2429 620 2489 und
648 2429 907 2489 Gelehrsamkeit
928 2427 954 2487 in
987 2423 1066 2483 seine
1098 2420 1140 2480 ty¬

157 2481 252 2541 pische
279 2481 596 2541 Gottesgelahrtheit
618 2476 883 2536 aufgenommen.
931 2473 994 2533 (Es
1026 2470 1131 2530 würde

158 2527 311 2587 übrigens
340 2529 401 2589 sehr
419 2527 510 2587 leicht
527 2527 617 2587 seyn,
641 2527 674 2587 zu
697 2527 941 2587 Melchisedechs
964 2518 1128 2578 Gleichnis

160 2577 215 2637 von
243 2575 292 2635 des
321 2575 436 2635 Meßia
459 2576 603 2636 Ankunft
620 2574 669 2634 ins
698 2575 808 2635 Fleisch
831 2575 903 2635 noch
931 2572 969 2632 ein
997 2569 1130 2629 zweytes

160 2623 415 2683 hinzuzufügen.
450 2623 642 2683 Jaebez,
666 2623 830 2683 herrlicher
859 2624 932 2684 denn
955 2620 1034 2680 seine
1052 2617 1141 2677 Brü¬

160 2675 235 2735 der,
262 2671 370 2731 wurde
387 2670 440 2730 von
468 2670 565 2730 seiner
587 2670 700 2730 Furcht
723 2668 776 2728 vor
804 2673 847 2733 dem
891 2671 988 2731 Argen
1015 2665 1139 2725 erhört,

160 2724 221 2784 und
255 2721 305 2781 der
333 2718 473 2778 einzelne
496 2718 640 2778 Auftritt
663 2718 758 2778 seiner
787 2724 981 2784 Mutter,
1004 2715 1054 2775 die
1083 2712 1132 2772 ihn

164 2775 222 2835 mit
247 2769 399 2829 Kummer
424 2766 570 2826 geboren,
589 2766 617 2826 1.
636 2766 759 2826 Chron.
771 2769 812 2829 V.
830 2773 865 2833 9.
883 2772 941 2832 10.
966 2767 1000 2827 ist
1019 2763 1142 2823 wenig=

158 2826 244 2886 stens
273 2820 342 2880 eben
378 2817 400 2877 so
436 2817 626 2877 wunderbar
656 2815 701 2875 als
737 2820 980 2880 Melchisedechs
1009 2812 1147 2872 Erschei=

153 2873 245 2933 nung
281 2872 310 2932 in
346 2870 402 2930 der
432 2870 617 2930 Geschichte
640 2867 753 2927 Mosis
797 2870 875 2930 ohne
904 2867 1047 2927 Vater
1076 2864 1132 2924 und

1191 1339 1405 1399 Mutter.)
1451 1336 1503 1396 V.
1523 1336 1535 1396 7
1575 1336 1653 1396 wird
1687 1336 1797 1396 vget
1830 1335 1895 1395 mit
1915 1333 2155 1393 evdasydeig

1180 1384 1360 1444 verbunden
1387 1384 1443 1444 und
1470 1384 1516 1444 V.
1542 1384 1599 1444 11.
1615 1387 1717 1447 macht
1739 1387 1785 1447 der
1812 1386 1894 1446 Herr
1910 1387 2044 1447 Hofrath
2076 1390 2158 1450 durch

1180 1435 1229 1495 den
1263 1440 1373 1500 Zusatz
1396 1439 1484 1499 eines
1512 1437 1672 1497 doppelten
1706 1438 1788 1498 Jota
1822 1440 1893 1500 avt
1938 1439 2054 1499 Lαα
2088 1445 2143 1505 zum

1177 1489 1323 1549 Datiuo,
1345 1491 1404 1551 und
1432 1491 1578 1551 übersetzt
1595 1491 1622 1551 ei
1660 1491 2159 1551 καναfολνCτας

1183 1549 1249 1609 zum
1291 1548 1502 1608 Auswurf
1528 1550 1594 1610 des
1626 1548 1868 1608 Saamens,
1894 1551 2100 1611 ohngeachtet
2127 1553 2157 1613 er

1184 1601 1229 1661 sich
1263 1599 1285 1659 in
1325 1599 1410 1659 einer
1434 1599 1665 1659 physicalischen
1700 1600 1819 1660 Frage,
1836 1599 1886 1659 das
1915 1602 2096 1662 Geschlecht
2120 1602 2170 1662 be¬

1179 1649 1325 1709 treffend,
1336 1649 1471 1709 ziemlich
1499 1649 1552 1709 auf
1575 1649 1623 1709 des
1651 1649 1720 1709 seel.
1737 1649 1954 1709 Röderers
1981 1651 2160 1711 (vermuth¬

1179 1698 1235 1758 lich
1264 1700 1291 1760 in
1320 1700 1558 1760 Ermangelung
1592 1700 1738 1760 eigener)
1762 1698 1982 1758 Erfahrungen
2023 1702 2163 1762 verläßt.

1181 1746 1230 1806 V.
1264 1748 1324 1808 26.
1358 1750 1434 1810 wird
1479 1748 1534 1808 die
1568 1748 1717 1808 Materie
1761 1751 1822 1811 und
1862 1749 1977 1809 Stelle
2011 1751 2065 1811 von
2110 1751 2159 1811 der

1181 1793 1369 1853 Schmach
1402 1796 1564 1856 Christi
1592 1798 1683 1858 unter
1711 1797 1867 1857 diejenige
1884 1796 2068 1856 gerechnet,
2096 1799 2170 1859 wel¬

1183 1842 1227 1902 che
1253 1840 1333 1900 einer
1359 1842 1449 1902 neuen
1475 1843 1691 1903 Ausführung
1717 1843 1777 1903 und
1803 1846 1883 1906 eines
1909 1848 2080 1908 vorzüglich
2111 1849 2165 1909 auf

1182 1890 1217 1950 sie
1238 1885 1419 1945 gewandten
1440 1887 1564 1947 Fleißes
1585 1889 1657 1949 noch
1684 1888 1803 1948 künftig
1829 1894 1999 1954 bedürfen.
2047 1894 2098 1954 V.
2109 1894 2170 1954 30.

1180 1932 1279 1992 macht
1295 1930 1320 1990 er
1341 1930 1381 1990 sich
1406 1932 1476 1992 über
1497 1933 1542 1993 den
1563 1936 1779 1996 Schülerwitz
1790 1938 1895 1998 lustig,
1906 1939 1950 1999 den
1976 1939 2097 1999 Umfall
2113 1942 2157 2002 der

1183 1976 1321 2036 Mauern
1346 1975 1398 2035 von
1423 1976 1551 2036 Jericho
1577 1978 1619 2038 als
1648 1980 1715 2040 eine
1730 1983 1902 2043 natürliche
1922 1984 2013 2044 Folge
2032 1984 2080 2044 des
2104 1987 2166 2047 letz¬

1178 2023 1217 2083 ten
1247 2023 1458 2083 israelitischen
1483 2023 1748 2083 Lermgeschreyes
1778 2026 1802 2086 zu
1832 2028 1993 2088 erklären,
2004 2030 2077 2090 weil
2097 2033 2161 2093 gla¬

1180 2070 1257 2130 serne
1278 2068 1412 2128 Flaschen
1439 2064 1522 2124 zwar
1548 2067 1630 2127 durch
1652 2070 1890 2130 Nachahmung
1911 2073 1994 2133 eines
2015 2075 2149 2135 gewissen

1184 2118 1268 2178 Tons
1300 2112 1469 2172 gesprengt
1485 2114 1602 2174 werden
1634 2115 1797 2175 könnten,
1819 2120 1888 2180 eine
1915 2121 2158 2181 unterirrdische

1179 2164 1329 2224 Stimme
1357 2162 1405 2222 des
1439 2161 1627 2221 Erdbebens
1660 2166 1730 2226 aber
1758 2166 1833 2226 weit
1866 2169 2039 2229 geschickter
2072 2173 2157 2233 wäre

1183 2213 1301 2273 Steine
1319 2211 1375 2271 und
1399 2211 1471 2271 Kalk
1489 2216 1704 2276 umzuruffen.
1733 2217 1817 2277 Cap.
1829 2217 1902 2277 XII,
1914 2222 1970 2282 17.
1988 2222 2061 2282 wird
2084 2226 2162 2286 nicht

1178 2258 1273 2318 Esaus
1300 2258 1390 2318 Reue
1423 2261 1549 2321 sondern
1577 2263 1672 2323 seines
1699 2264 1816 2324 Vaters
1848 2270 2156 2330 Sinnesänderung

1183 2306 1365 2366 gemeynet,
1388 2309 1498 2369 welche
1521 2315 1603 2375 jener
1631 2316 1687 2376 mit
1709 2315 1858 2375 Thränen
1887 2318 1996 2378 suchte.
2031 2321 2080 2381 V.
2103 2324 2157 2384 18.

1174 2354 1249 2414 wird
1277 2354 1384 2414 unsers
1407 2360 1498 2420 Hrn.
1515 2363 1617 2423 Prof.
1634 2366 1768 2426 Kypke
1796 2366 1855 2426 sehr
1882 2369 1979 2429 artige
2001 2371 2060 2431 und
2082 2372 2157 2432 neue

1179 2411 1364 2471 Auslegung
1394 2414 1450 2474 von
1478 2417 1682 2477 1λαοαu
1784 2420 1902 2480 gelobt,
1920 2423 1988 2483 aber
2011 2423 2055 2483 ein
2073 2425 2162 2485 Bey=

1179 2462 1249 2522 spiel
1268 2461 1362 2521 dieses
1393 2467 1522 2527 Wortes
1546 2470 1599 2530 vom
1641 2472 1729 2532 Blitz
1747 2470 1924 2530 erwartet,
1937 2469 1996 2529 und
2020 2469 2043 2529 so
2067 2470 2155 2530 lange

1177 2509 1268 2569 durch
1301 2512 1378 2572 einen
1418 2520 1645 2580 fühlbaren
1678 2518 1768 2578 Berg
1789 2518 1951 2578 übersetzt.
1997 2515 2074 2575 Der
2095 2518 2159 2578 An¬

1178 2560 1248 2620 fang
1276 2560 1324 2620 des
1351 2564 1410 2624 21.
1422 2566 1470 2626 V.
1493 2568 1568 2628 wird
1590 2570 1644 2630 zum
1683 2566 1774 2626 Ende
1796 2568 1844 2628 des
1867 2566 1997 2626 vorigen
2024 2566 2148 2626 gezogen

1178 2611 1481 2671 folgendermaßen:
1504 2617 1519 2677 ”
1542 2620 1601 2680 und
1628 2617 1720 2677 alles,
1742 2616 1806 2676 was
1829 2614 1899 2674 ihre
1921 2614 2024 2674 Augen
2051 2614 2159 2674 sahen,

1184 2650 1269 2710 war
1294 2658 1361 2718 eben
1399 2660 1423 2720 so
1454 2664 1638 2724 schrecklich.
1688 2661 1810 2721 Selbst
1835 2658 1976 2718 Moses,
1995 2658 2055 2718 mit
2087 2661 2135 2721 dem

1180 2697 1290 2757 „Gott
1303 2709 1468 2769 gleichwol
1487 2714 1535 2774 als
1561 2714 1603 2774 ein
1628 2709 1750 2769 Freund
1775 2709 1836 2769 mit
1855 2709 1904 2769 dem
1947 2706 2057 2766 andern
2089 2706 2155 2766 um¬

1183 2751 1319 2811 gieng,
1343 2760 1413 2820 sagt
1444 2760 1497 2820 bey
1533 2760 1752 2820 Gelegenheit
1788 2757 1834 2817 des
1876 2754 2160 2814 Kälberdienstes:

1210 2799 1263 2859 Ich
1287 2808 1392 2868 zittere
1417 2811 1476 2871 und
1500 2811 1570 2871 bebe
1594 2808 1647 2868 vor
1665 2806 1818 2866 Furcht."
1860 2801 1913 2861 V.
1932 2803 1990 2863 25.
2009 2802 2084 2862 findt
2103 2799 2155 2859 der

1176 2861 1343 2921 Verfasser
1362 2865 1403 2925 die
1422 2867 1585 2927 sinnreiche
1609 2863 1898 2923 Nothwendigkeit
1911 2855 2163 2915 αsv.
