2479 3508
447 369 633 429 Berkin,
650 360 706 420 den
739 357 803 417 17.
829 357 933 417 April.

250 422 319 482 Der
341 419 425 479 Herr
454 413 573 473 Probst
595 404 771 464 Süßmilch
793 404 898 464 verlaß
934 407 1060 467 vorigen
1089 406 1187 466 Don¬

193 470 320 530 derstag
346 465 371 525 in
404 464 448 524 der
474 455 697 515 gewöhnlichen
730 455 1010 515 Zusammenkunft
1037 455 1087 515 der
1120 454 1190 514 Kö¬

198 515 281 575 nigl.
301 509 473 569 Akademie
500 503 570 563 eine
603 502 814 562 Abhandlung
847 503 923 563 über
956 503 1000 563 die
1027 505 1186 565 Bevölke¬

202 563 281 623 rung
306 558 330 618 in
356 554 404 614 den
436 551 657 611 verschiedenen
689 550 873 610 Provinzen
898 554 947 614 der
972 554 1175 614 Königlichen

196 604 366 664 Staaten,
389 596 514 656 welcher
538 595 668 655 zugleich
698 598 760 658 eine
789 601 885 661 Carte
914 600 1085 660 beygefügt
1108 601 1187 661 war,

193 651 240 711 die
265 649 312 709 den
348 644 568 704 Flächenraum
616 643 699 703 einer
729 646 812 706 jeden
848 646 1002 706 Provinz
1027 649 1098 709 nach
1128 648 1181 708 der

197 694 378 754 genauesten
409 689 639 749 Ausrechnung
664 694 687 754 in
718 694 766 754 sich
791 694 888 754 hielt.

280 736 524 796 Frankfurt
555 740 597 800 am
647 742 787 802 Mayn,
824 743 879 803 vom
922 745 964 805 9.
989 745 1105 805 Axril.

250 784 440 844 Vorgestern
466 787 539 847 nach
564 789 575 849 9
607 789 674 849 Uhr
700 789 754 849 sind
780 789 829 849 die
854 789 1057 849 Churfürstl.
1082 790 1180 850 hohen

191 832 423 892 Bothschaften
464 837 577 897 wieder
607 840 657 900 zur
686 840 868 900 Conferenz
897 839 953 899 auf
977 839 1028 899 den
1062 837 1187 897 Römer

196 881 367 941 gefahren,
397 885 497 945 wohin
527 885 574 945 sich
604 886 639 946 um
681 888 716 948 11
747 888 811 948 Uhr
835 886 882 946 die
900 888 1101 948 Churfürsten
1125 885 1177 945 von

200 931 347 991 Mainz,
376 933 432 993 von
467 935 563 995 Trier
598 935 653 995 und
688 936 739 996 von
779 936 824 996 der
853 934 954 994 Pfalz
989 935 1017 995 in
1052 936 1187 996 höchster

201 978 321 1038 Person
352 981 502 1041 erhoben,
526 984 560 1044 um
601 984 647 1044 die
671 984 920 1044 Chur=Verein
973 982 1007 1042 zu
1042 983 1192 1043 beschwö¬

192 1028 269 1088 ren.
314 1031 547 1091 Nachmittags
581 1034 713 1094 machten
741 1031 785 1091 des
813 1031 919 1091 Röm.
936 1031 1063 1091 Königs
1091 1031 1185 1091 Maj.

195 1076 250 1136 bey
273 1079 323 1139 den
363 1079 574 1139 Churfürsten
614 1079 663 1139 von
703 1079 792 1139 Cölln
826 1079 881 1139 und
915 1079 970 1139 von
1004 1079 1054 1139 der
1088 1078 1188 1138 Pfalz

197 1125 245 1185 die
267 1127 386 1187 Visite.
436 1128 571 1188 Gestern
610 1127 713 1187 wurde
740 1127 783 1187 ein
811 1124 1006 1184 öffentliches
1029 1127 1191 1187 Dankfest

189 1169 293 1229 wegen
336 1175 539 1235 geschehener
576 1172 884 1232 höchsterfreulichen
932 1175 1094 1235 Krönung
1136 1175 1188 1235 des

191 1216 299 1276 Röm.
321 1219 450 1279 Königs
476 1219 637 1279 gefeyert.
695 1219 746 1279 Um
788 1218 803 1278 6
840 1219 908 1279 Uhr
934 1221 985 1281 des
1017 1222 1183 1282 Morgens

195 1264 357 1324 geschahen
397 1263 455 1323 100
495 1264 766 1324 Canonenschüsse
796 1263 849 1323 von
889 1263 938 1323 den
973 1265 1100 1325 Wällen
1135 1264 1183 1324 der

195 1306 324 1366 Stadt,
334 1306 439 1366 welche
464 1307 607 1367 Mittags
627 1306 655 1366 um
694 1306 727 1366 11
747 1306 804 1366 und
829 1306 958 1366 Abends
983 1306 1049 1366 nach
1074 1306 1083 1366 6
1117 1306 1184 1366 Uhr

194 1395 302 1455 wurde
329 1396 380 1456 des
406 1395 566 1455 Morgens
603 1393 680 1453 über
712 1393 722 1453 2
754 1393 883 1453 Chron.
899 1390 1022 1450 XXIII,
1044 1393 1100 1453 11.
1121 1393 1178 1453 und

197 1440 265 1500 Ps.
282 1440 469 1500 IXXXIX,
493 1440 554 1500 21.
572 1440 634 1500 22.
663 1439 719 1499 und
754 1440 986 1500 Nachmittags
1021 1437 1094 1497 über
1123 1437 1190 1497 Ps.

198 1485 378 1545 CXLVIII,
385 1486 441 1546 11.
458 1490 514 1550 14.
533 1488 708 1548 gepredigt.
737 1487 827 1547 Jhro
850 1488 952 1548 Röm.
970 1486 1105 1546 Kaiserl.
1123 1488 1179 1548 und

200 1536 337 1596 Königl.
354 1539 443 1599 Maj.
454 1539 496 1599 rc.
508 1536 650 1596 wohnten
677 1536 724 1596 dem
762 1536 985 1596 Gottesdienst
1006 1536 1027 1596 in
1049 1536 1096 1596 der
1113 1535 1186 1595 Kir=

198 1589 242 1649 che
260 1587 310 1647 der
329 1587 499 1647 Capuciner
516 1587 584 1647 bey,
590 1587 692 1647 wohin
710 1587 1045 1647 Allerhöchstdieselben
1069 1587 1114 1647 sich
1137 1587 1170 1647 um

200 1637 237 1697 11
259 1634 318 1694 Uhr
346 1634 367 1694 in
400 1636 465 1696 zwo
487 1637 660 1697 prächtigen
693 1637 953 1697 Staatscarossen
981 1637 1137 1697 erhoben,
1154 1635 1175 1695 in

202 1685 402 1745 Begleitung
430 1685 640 1745 verschiedner
662 1685 819 1745 Minister
847 1688 906 1748 und
928 1688 1182 1748 Kammerherrn

199 1736 231 1796 zu
258 1735 400 1795 Pferde.
443 1733 586 1793 Voraus
608 1733 734 1793 giengen
772 1733 819 1793 die
852 1733 1005 1793 Livreen;
1038 1736 1085 1796 die
1112 1736 1196 1796 Kai¬

201 1779 278 1839 serl.
294 1779 350 1839 und
382 1781 521 1841 Königl.
537 1781 764 1841 Noblegardes
796 1778 883 1838 aber,
920 1778 986 1838 jede
1018 1780 1080 1840 mit
1096 1783 1183 1843 ihren

200 1825 396 1885 Trompeten
426 1826 485 1886 und
510 1823 662 1883 Pauken,
688 1822 736 1882 die
756 1822 967 1882 Carabiniers
992 1822 1046 1882 von
1071 1828 1188 1888 Stam¬

191 1874 262 1934 pach
300 1875 360 1935 und
394 1873 448 1933 das
481 1870 607 1930 zwölfte
635 1865 798 1925 Quartier
837 1865 886 1925 der
920 1867 1040 1927 Wacht
1073 1873 1198 1933 haben¬

196 1919 246 1979 den
275 1918 510 1978 Bürgerschaft
533 1912 589 1972 mit
607 1912 693 1972 ihrer
722 1909 830 1969 Fahne
854 1912 967 1972 folgten
997 1915 1088 1975 nach.
1123 1918 1190 1978 Ge¬

200 1967 273 2027 stern
308 1963 444 2023 Morgen
484 1957 631 2017 geruhten
666 1957 734 2017 auch
768 1958 858 2018 Ihro
893 1958 1085 2018 Majestäten
1126 1966 1182 2026 und

201 2011 252 2071 der
268 2008 443 2068 Erzherzog
469 2005 598 2065 Leopold
624 2005 706 2065 einer
728 2005 872 2065 solennen
903 2007 1104 2067 Deputation
1130 2008 1176 2068 des

201 2053 331 2113 hiesigen
360 2052 461 2112 Raths
501 2052 551 2112 die
574 2052 925 2112 Abschieds=Audienz
960 2054 987 2114 zu
1022 2055 1185 2115 ertheilen,

197 2100 302 2160 wobey
331 2098 380 2158 die
403 2100 621 2160 Abgeordnete
649 2101 710 2161 mit
727 2103 821 2163 denen
850 2106 905 2166 von
928 2103 1011 2163 Ihro
1034 2103 1189 2163 Majestä¬

192 2145 241 2205 ten
281 2148 508 2208 empfangenen
548 2151 719 2211 Presenten
770 2154 964 2214 geschmückt
998 2149 1165 2209 erschienen

201 2198 360 2258 nemlich:
383 2197 432 2257 die
455 2199 566 2259 beyden
594 2202 776 2262 regierende
793 2202 893 2262 Herrn
915 2199 1175 2259 Bürgermeister

200 2244 264 2304 eine
287 2246 416 2306 goldene
438 2249 595 2309 Medaille
617 2249 676 2309 mit
699 2249 747 2309 dem
791 2249 980 2309 Brustbilde
1008 2243 1056 2303 des
1073 2243 1191 2303 Römi¬

197 2294 279 2354 schen
307 2297 434 2357 Königs
462 2297 517 2357 und
545 2297 605 2357 mit
623 2297 821 2357 Diamanten
855 2297 976 2357 besetzt;
1010 2294 1059 2354 die
1082 2291 1175 2351 zween

194 2342 300 2402 alteste
316 2345 433 2405 Herren
460 2345 624 2405 Syndici,
645 2343 714 2403 eine
736 2346 868 2406 goldene
889 2342 1112 2402 Gnadenkette
1128 2339 1186 2399 mit

197 2390 380 2450 dergleichen
414 2391 586 2451 Medaille,
615 2392 669 2452 und
693 2392 776 2452 Herr
799 2395 971 2455 Syndicus
994 2390 1176 2450 Grimeisen

195 2435 261 2495 eine
284 2439 411 2499 goldene
445 2440 768 2500 Anhang=Medaille
791 2442 851 2502 mit
880 2439 1068 2499 Brustbild.
1119 2434 1191 2494 Ge¬

197 2485 275 2545 stern
316 2485 462 2545 Mittags
496 2485 626 2545 wurden
666 2487 716 2547 des
757 2490 897 2550 Königl.
937 2485 1174 2545 Schwedischen

207 2531 450 2591 Bothschafters
473 2533 597 2593 Grafen
626 2533 676 2593 von
706 2533 795 2593 Bark
818 2539 897 2599 Exc.
915 2539 937 2599 im
977 2536 1101 2596 Namen
1130 2533 1180 2593 des

200 2581 330 2641 hiesigen
353 2579 455 2639 Raths
484 2581 750 2641 complimentirt.
774 2584 824 2644 In
853 2587 1063 2647 verwichener
1081 2582 1187 2642 Nacht

198 2629 293 2689 traten
328 2626 379 2686 des
413 2627 674 2687 Churbaierschen
715 2630 805 2690 ersten
840 2632 1180 2692 Wahlbothschasters,

195 2676 324 2736 Grafen
362 2673 421 2733 von
460 2676 687 2736 Baumgarten
720 2677 801 2737 Exc.
834 2681 904 2741 ihre
932 2681 1099 2741 Rückreise
1127 2679 1180 2739 an.

196 2729 302 2789 Heute
321 2726 356 2786 um
398 2724 522 2784 Mittag
547 2726 641 2786 haben
672 2724 736 2784 Se.
749 2730 950 2790 Churfürstl.
963 2730 1099 2790 Durchl.
1124 2727 1170 2787 von

192 2778 241 2838 der
267 2775 366 2835 Pfalz
385 2775 435 2835 bey
467 2775 553 2835 Ihro
579 2774 722 2834 Majest.
742 2777 797 2837 und
822 2778 871 2838 dem
916 2780 1109 2840 Erzherzoge
1134 2776 1183 2836 die

201 2829 413 2889 Aufwartung
439 2826 595 2886 gemacht,
621 2826 652 2886 um
696 2826 764 2886 ihre
784 2833 1178 2893 Abschiedscomplimente

1221 360 1406 420 abzulegen.
1454 357 1593 417 Morgen
1633 357 1749 417 werden
1788 357 1834 417 die
1866 357 2075 417 Allerhöchste
2100 356 2207 416 Herr¬

1216 407 1345 467 schaften
1380 407 1436 467 von
1470 404 1532 464 hier
1566 404 1696 464 abreisen
1730 407 1792 467 und
1815 407 1843 467 zu
1877 407 2114 467 Mergenthal,
2137 404 2187 464 den

1215 455 1310 515 11ten
1337 455 1362 515 in
1390 451 1601 511 Creilsheim,
1634 451 1686 511 den
1724 452 1813 512 12ten
1846 452 1872 512 in
1904 455 2105 515 Wallerstein
2137 451 2195 511 und

1213 503 1266 563 den
1293 503 1382 563 13ten
1415 500 1435 560 in
1468 500 1695 560 Donauwörth
1728 503 1961 563 übernachten.
2010 503 2083 563 Dem
2121 499 2205 559 Ver=

1220 551 1349 611 nehmen
1379 551 1449 611 nach
1480 548 1532 608 soll
1556 548 1603 608 die
1627 548 1774 608 Ankunft
1798 548 1827 608 in
1863 551 1909 611 der
1945 548 2086 608 Kaiserk.
2110 548 2204 608 Resi¬

2110 595 2185 655 Von

1219 598 1378 658 denzstadt
1401 595 1491 655 Wien
1526 595 1577 655 den
1611 595 1860 655 Ostermontag,
1884 595 2065 655 geschehen.

1219 646 1417 706 geschehenen
1451 640 1837 700 Stindeserhöhungen,
1871 643 2042 703 Militair=
2059 643 2119 703 und
2147 642 2180 702 an

1216 694 1287 754 dern
1321 693 1576 753 Promotiogen,
1605 690 1660 750 sind
1694 690 1921 750 nachfolgende
1955 691 2115 751 bekannt:
2144 688 2193 748 In

1216 742 1269 802 den
1297 741 1518 801 Fürstenstand
1540 739 1599 799 sind
1627 736 1756 796 erhoben
1778 737 1891 797 worden
1919 739 1962 799 die
1973 736 2091 796 Herren
2114 736 2200 796 Gra¬

1221 790 1266 850 fen
1295 789 1350 849 von
1379 786 1571 846 Bathiany,
1594 786 1651 846 von
1680 786 1832 846 Kaunitz,
1855 786 1905 846 von
1934 786 2120 846 Colloredo,
2138 785 2188 845 von

1221 837 1441 897 Kevenhüller
1463 836 1523 896 und
1547 836 1601 896 von
1629 834 1821 894 Hohenlohe
1849 834 2130 894 Neuensteinscher
2153 831 2202 891 Li¬

1216 888 1288 948 nie.
1356 883 1511 943 General
1540 885 1590 945 der
1624 882 1807 942 Cavallerie

1858 879 1954 939 Fürst
1980 880 2033 940 von
2065 883 2204 943 Anhalt=

1216 935 1346 995 Zerbst.
1391 934 1832 994 Generalfeldzeugmeister:
1855 930 1962 990 Prinz
1991 931 2125 991 Wilhelm
2171 933 2199 993 v.

1220 979 1555 1039 Sachsen=Gotha,
1588 981 1744 1041 Freiherr
1778 978 1836 1038 von
1891 980 2102 1040 Cavallieri,
2140 981 2194 1041 von

1216 1028 1352 1088 Lietzen,
1375 1028 1432 1088 von
1461 1031 1585 1091 Haller,
1609 1026 1704 1086 Graf
1722 1028 1903 1088 Forgatsch,
1932 1028 2130 1088 Benvenuto
2148 1025 2209 1085 Pe¬

1220 1079 1314 1139 tazzi,
1338 1077 1527 1137 Stollberg,
1563 1076 1752 1136 Esterhazy.
1800 1076 2189 1136 Feldmarschall=Lieute

1216 1127 1343 1187 nants:
1365 1127 1542 1187 Voghera,
1564 1125 1719 1185 Bettoni,
1753 1124 1923 1184 Hallweil,
1952 1124 2095 1184 Zollern,
2134 1121 2205 1181 St.

1219 1176 1359 1236 Ignon,
1381 1175 1570 1235 Hamilton,
1592 1175 1792 1235 Guiccardi,
1815 1172 1928 1232 Ponce
1961 1172 1998 1232 de
2021 1169 2118 1229 Leon,
2140 1169 2210 1229 Es¬

1221 1222 1320 1282 calar,
1354 1219 1563 1279 Viteleschky,
1603 1219 1740 1279 Czigan,
1774 1216 1967 1276 Harteneck,
2007 1216 2205 1276 Vogelsang,

1220 1267 1389 1327 Migazzi,
1410 1264 1621 1324 Würtzburg.
1669 1261 1985 1321 General=Majors
2013 1261 2059 1321 der
2086 1261 2207 1321 Caval¬

1213 1307 1282 1367 rie:
1308 1306 1541 1366 Wallenstein,
1571 1306 1778 1366 Lasgallner,
1809 1303 1995 1363 Gersdorf,
2021 1306 2202 1366 Milesimo,

191 1351 382 1411 wiederholt
407 1351 553 1411 wurden.
604 1353 654 1413 In
690 1350 739 1410 den
775 1348 1002 1408 evangelischen
1038 1351 1168 1411 Kirchen
1215 1351 1360 1411 Rassau.
1406 1351 1632 1411 Infanterie:
1658 1349 1910 1409 Mack=Elligot,
1941 1349 2081 1409 Wallis,
2112 1353 2207 1413 Pap¬

1215 1394 1383 1454 penheim,
1410 1393 1599 1453 Bernkopf,
1622 1394 1735 1454 Ligne.
1790 1396 1969 1456 Obristen:
1996 1399 2207 1459 Rindsmaul

1215 1440 1270 1500 bey
1300 1440 1504 1500 Stampach;
1533 1443 1669 1503 Landiry
1692 1442 1742 1502 bey
1772 1443 2039 1503 Anhalt=Zerbst;
2062 1447 2135 1507 St.
2147 1449 2214 1509 Ju¬

1216 1489 1272 1549 lien
1301 1490 1351 1550 bey
1374 1490 1549 1550 Stamba;
1573 1491 1696 1551 Zollern
1720 1491 1764 1551 bey
1793 1493 2047 1553 Würtemberg;
2076 1495 2194 1555 Kinzky

1587 1538 1761 1598 Wirkliche
1780 1542 2106 1602 Geheimde=Räthe:
2130 1541 2205 1601 Ge¬

1217 1539 1270 1599 bey
1301 1539 1549 1599 Zweybrücken.

1217 1590 1314 1650 neral
1332 1590 1378 1650 der
1401 1590 1597 1650 Cavallerie,
1621 1587 1713 1647 Graf
1736 1590 1944 1650 O=Donell;
1968 1593 2059 1653 Graf
2083 1593 2204 1653 Rosen¬

1222 1640 1313 1700 berg,
1338 1640 1479 1700 Kaiserl.
1498 1640 1632 1700 Königl.
1657 1637 1878 1697 Bothschafter
1891 1640 1920 1700 zu
1946 1640 2092 1700 Madrit;
2111 1640 2209 1700 Frey¬

1216 1690 1295 1750 herr
1324 1688 1374 1748 von
1415 1691 1657 1751 Bürresheim,
1686 1689 1889 1749 Domprobst
1912 1691 1940 1751 zu
1969 1691 2087 1751 Trier;
2111 1688 2211 1748 Frey¬

1219 1738 1298 1798 herr
1321 1737 1371 1797 von
1400 1739 1535 1799 Erthal,
1559 1739 1648 1799 erster
1666 1739 1971 1799 Wahlbothschafter
1995 1741 2045 1801 von
2068 1742 2209 1802 Mainz;

1221 1786 1317 1846 Graf
1340 1784 1390 1844 von
1414 1784 1464 1844 der
1487 1787 1606 1847 Leyen;
1635 1787 1792 1847 Freyherr
1810 1788 1860 1848 von
1890 1790 2087 1850 Kesselstadt,
2105 1789 2211 1849 Chur¬

1219 1829 1379 1889 trierscher
1401 1828 1523 1888 zweiter
1557 1834 1894 1894 Wahlbothschafter;
1922 1835 2016 1895 Graf
2044 1837 2215 1897 Laschans¬

1221 1876 1281 1936 ky;
1309 1873 1403 1933 Graf
1420 1876 1669 1936 Weissenwolf;
1708 1879 1846 1939 Bischof
1874 1881 1902 1941 zu
1936 1882 2090 1942 Neutra;
2118 1881 2212 1941 Graf

1220 1919 1367 1979 Gabriel
1389 1918 1446 1978 von
1484 1921 1626 1981 Haller;
1663 1923 1758 1983 Graf
1785 1927 1874 1987 Adam
1922 1929 2075 1989 Nemes;
2112 1927 2207 1987 Graf

1215 1967 1357 2027 Ostein;
1384 1964 1473 2024 Graf
1490 1966 1589 2026 Franz
1606 1969 1705 2029 Anton
1733 1972 1885 2032 Attems;
1901 1972 1991 2032 Graf
2007 1972 2212 2032 Thierheim;

1223 2014 1314 2074 Graf
1337 2011 1498 2071 Spaner;
1526 2011 1622 2071 Graf
1644 2014 1789 2074 Toreth;
1812 2014 1908 2074 Graf
1925 2017 2070 2077 Frösini;
2098 2020 2200 2080 Franz

1220 2060 1311 2120 Graf
1339 2058 1392 2118 von
1421 2052 1587 2112 Lamberg.
1632 2058 1859 2118 Decretisten:
1886 2061 2037 2121 General
2060 2064 2205 2124 Krotten.

1224 2109 1317 2169 dorf;
1344 2101 1436 2161 Graf
1457 2103 1650 2163 Brandeis;
1677 2106 1769 2166 Graf
1791 2106 1916 2166 Thurn,
1937 2109 2069 2169 Obrist.

1476 2153 1662 2213 Lüttich,
1682 2157 1740 2217 den
1773 2157 1811 2217 6.
1838 2157 1946 2217 April.

1271 2199 1396 2259 Endlich
1421 2199 1529 2259 langte
1553 2202 1602 2262 die
1626 2205 1686 2265 mit
1705 2205 1800 2265 vieler
1825 2208 2017 2268 Sehnsucht
2036 2211 2198 2271 erwartete

1221 2245 1435 2305 Bestätigung
1464 2247 1514 2307 des
1550 2254 1600 2314 zum
1646 2255 1752 2315 Besten
1787 2258 1900 2318 unsers
1923 2259 2097 2319 gnädigsten
2132 2261 2188 2321 Lan

1219 2294 1395 2354 desfürsten
1423 2295 1445 2355 so
1474 2299 1610 2359 glücklich
1640 2306 1877 2366 ausgefallenen
1900 2309 2098 2369 Päbstlichen
2127 2309 2211 2369 Aus¬

1221 2342 1374 2402 spruchs,
1403 2345 1535 2405 mittelst
1564 2354 1717 2414 Estafette
1746 2356 1811 2416 hier
1840 2360 1900 2420 an.
1956 2357 2027 2417 Die
2050 2357 2199 2417 Canonen

1220 2390 1346 2450 unserer
1376 2396 1531 2456 Citadelle
1562 2402 1787 2462 verkündigten
1816 2407 1880 2467 uns
1909 2405 1984 2465 diese
2007 2408 2204 2468 angenehme

1219 2437 1425 2497 Nachricht,
1473 2446 1519 2506 die
1553 2449 1685 2509 Glocken
1726 2452 1852 2512 wurden
1886 2455 2026 2515 gelautet
2060 2452 2119 2512 und
2153 2453 2205 2513 die

1223 2486 1370 2546 Straßen
1401 2489 1535 2549 ertönten
1561 2497 1615 2557 von
1647 2500 1726 2560 einem
1769 2503 2057 2563 ununterbrochnen
2083 2503 2205 2563 Vivat!

1474 2546 1620 2606 Haag,
1650 2551 1696 2611 den
1731 2551 1795 2611 28.
1825 2551 1941 2611 März.

1272 2584 1357 2644 Herr
1379 2589 1522 2649 Cornet,
1551 2596 1830 2656 Churpfälzischer
1853 2599 2009 2659 Minister
2032 2599 2103 2659 war
2125 2596 2203 2656 diese

1222 2629 1342 2689 Woche
1362 2635 1420 2695 mit
1440 2638 1490 2698 den
1517 2643 1753 2703 Abgeordneten
1779 2643 1831 2703 der
1851 2646 2030 2706 Republick
2049 2644 2068 2704 in
2094 2643 2209 2703 Unter=

1212 2680 1357 2740 redung.
1402 2685 1477 2745 Die
1498 2691 1776 2751 Streitigkeiten,
1802 2693 1909 2753 welche
1936 2691 2017 2751 schon
2049 2691 2075 2751 so
2107 2691 2201 2751 lange

1218 2730 1290 2790 Zeit
1309 2730 1369 2790 mit
1388 2735 1485 2795 seinem
1522 2739 1594 2799 Hof
1613 2740 1673 2800 und
1698 2739 1753 2799 der
1772 2738 1947 2798 Republick
1967 2737 2142 2797 obwalten,
2161 2736 2209 2796 ka¬

1217 2778 1281 2838 men
1312 2781 1364 2841 auf
1388 2784 1435 2844 das
1465 2787 1572 2847 Tapet
1590 2790 1648 2850 und
1673 2787 1743 2847 man
1773 2787 1956 2847 versichert,
1980 2787 2033 2847 daß
2063 2784 2192 2844 desfalls

1215 2829 1275 2889 von
1303 2835 1418 2895 Seiten
1453 2838 1527 2898 Sr.
1549 2841 1745 2901 Churfürstl.
1766 2838 1902 2898 Durchl.
1923 2836 1997 2896 neue
2018 2835 2201 2895 Vorschläge
